{
  "periods":[
     {
        "summary":{
           "acos":9999.99,
           "ad_clicks":1,
           "ad_impressions":68,
           "ad_orders":0,
           "ad_sales":0,
           "ad_spend":0.67,
           "average_cpc":0.67,
           "conversion_rate":0,
           "percent_total_sales":0,
           "sales":3498.95,
           "shipped_cogs":1848.0999999999995,
           "units_sold":269,
           "orders":242,
           "asp":13.00724907063197,
           "sku":"N/A",
           "item_number":"N/A",
           "asin":"N/A",
           "meta":{
              "brand_lvl":{
                 "clicks":0,
                 "impressions":0,
                 "sales":0,
                 "spend":0
              }
           },
           "units_per_order":1.1115702479338843
        },
        "itemized":{
           "B07F6SCXCV":{
              "acos":0,
              "average_cpc":0,
              "ad_clicks":0,
              "ad_impressions":0,
              "ad_orders":0,
              "ad_sales":0,
              "ad_spend":0,
              "conversion_rate":0,
              "sales":276.12,
              "units_sold":26,
              "orders":23,
              "units_per_order":1.1304347826086956,
              "asp":10.620000000000001,
              "shipped_cogs":131.29999999999998,
              "percent_total_sales":0,
              "wholesale_cost":0,
              "asin":"B07F6SCXCV",
              "sku":"BNB-801300",
              "item_number":"801300",
              "short_product_title":"Maplestick, Small",
              "meta":{
                 "sales_map":{
                    
                 },
                 "ads_arr":[
                    
                 ],
                 "ads_origin":{
                    "ads":0,
                    "display":0
                 },
                 "included_asins":{
                    
                 },
                 "asin_wholesale":{
                    
                 },
                 "asin_units":{
                    
                 },
                 "awu":{
                    "B07F6SCXCV":{
                       "wholesale_cost":5.05,
                       "units_sold":26
                    }
                 }
              }
           },
           "B07RHQMVKH":{
              "acos":0,
              "average_cpc":0,
              "ad_clicks":0,
              "ad_impressions":0,
              "ad_orders":0,
              "ad_sales":0,
              "ad_spend":0,
              "conversion_rate":0,
              "sales":50.24,
              "units_sold":4,
              "orders":4,
              "units_per_order":1,
              "asp":12.56,
              "shipped_cogs":26.2,
              "percent_total_sales":0,
              "wholesale_cost":0,
              "asin":"B07RHQMVKH",
              "sku":"BNB-812350",
              "item_number":"812350",
              "short_product_title":"Bacon Stick, Medium",
              "meta":{
                 "sales_map":{
                    
                 },
                 "ads_arr":[
                    
                 ],
                 "ads_origin":{
                    "ads":0,
                    "display":0
                 },
                 "included_asins":{
                    
                 },
                 "asin_wholesale":{
                    
                 },
                 "asin_units":{
                    
                 },
                 "awu":{
                    "B07RHQMVKH":{
                       "wholesale_cost":6.55,
                       "units_sold":4
                    }
                 }
              }
           },
           "B014JXJ2S4":{
              "acos":0,
              "average_cpc":0,
              "ad_clicks":0,
              "ad_impressions":0,
              "ad_orders":0,
              "ad_sales":0,
              "ad_spend":0,
              "conversion_rate":0,
              "sales":83.60000000000001,
              "units_sold":8,
              "orders":8,
              "units_per_order":1,
              "asp":10.450000000000001,
              "shipped_cogs":52.4,
              "percent_total_sales":0,
              "wholesale_cost":0,
              "asin":"B014JXJ2S4",
              "sku":"BNB-860350",
              "item_number":"860350",
              "short_product_title":"Dental Chew, Bacon, Medium",
              "meta":{
                 "sales_map":{
                    
                 },
                 "ads_arr":[
                    
                 ],
                 "ads_origin":{
                    "ads":0,
                    "display":0
                 },
                 "included_asins":{
                    
                 },
                 "asin_wholesale":{
                    
                 },
                 "asin_units":{
                    
                 },
                 "awu":{
                    "B014JXJ2S4":{
                       "wholesale_cost":6.55,
                       "units_sold":8
                    }
                 }
              }
           },
           "B07XD4M51J":{
              "acos":0,
              "average_cpc":0,
              "ad_clicks":0,
              "ad_impressions":0,
              "ad_orders":0,
              "ad_sales":0,
              "ad_spend":0,
              "conversion_rate":0,
              "sales":34.82,
              "units_sold":4,
              "orders":4,
              "units_per_order":1,
              "asp":8.705,
              "shipped_cogs":36.2,
              "percent_total_sales":0,
              "wholesale_cost":0,
              "asin":"B07XD4M51J",
              "sku":"BNB-630250",
              "item_number":"630250",
              "short_product_title":"Zaggler, Bacon, Large",
              "meta":{
                 "sales_map":{
                    
                 },
                 "ads_arr":[
                    
                 ],
                 "ads_origin":{
                    "ads":0,
                    "display":0
                 },
                 "included_asins":{
                    
                 },
                 "asin_wholesale":{
                    
                 },
                 "asin_units":{
                    
                 },
                 "awu":{
                    "B07XD4M51J":{
                       "wholesale_cost":9.05,
                       "units_sold":4
                    }
                 }
              }
           },
           "B07R4PXC7B":{
              "acos":9999.99,
              "average_cpc":0.67,
              "ad_clicks":1,
              "ad_impressions":68,
              "ad_orders":0,
              "ad_sales":0,
              "ad_spend":0.67,
              "conversion_rate":0,
              "sales":358.24,
              "units_sold":29,
              "orders":26,
              "units_per_order":1.1153846153846154,
              "asp":12.353103448275862,
              "shipped_cogs":189.95,
              "percent_total_sales":0,
              "wholesale_cost":0,
              "asin":"B07R4PXC7B",
              "sku":"BNB-640400",
              "item_number":"640400",
              "short_product_title":"Puppy Pack, Bacon",
              "meta":{
                 "sales_map":{
                    
                 },
                 "ads_arr":[
                    {
                       "id":79341,
                       "campaignId":"121293626842389",
                       "brand":"Benebone",
                       "product_sku":"BNB-640400",
                       "product_asin":"B07R4PXC7B",
                       "impressions":14,
                       "clicks":0,
                       "spend":"0.0000000000000000",
                       "orders":0,
                       "sales":"0.0000000000000000",
                       "date":"2021-09-02T07:00:00.000Z",
                       "accountName":"opc",
                       "ad_type":"ad"
                    },
                    {
                       "id":80519,
                       "campaignId":"121293626842389",
                       "brand":"Benebone",
                       "product_sku":"BNB-640400",
                       "product_asin":"B07R4PXC7B",
                       "impressions":54,
                       "clicks":1,
                       "spend":"0.6700000000000000",
                       "orders":0,
                       "sales":"0.0000000000000000",
                       "date":"2021-09-01T07:00:00.000Z",
                       "accountName":"opc",
                       "ad_type":"ad"
                    }
                 ],
                 "ads_origin":{
                    "ads":2,
                    "display":0
                 },
                 "included_asins":{
                    
                 },
                 "asin_wholesale":{
                    
                 },
                 "asin_units":{
                    
                 },
                 "awu":{
                    "B07R4PXC7B":{
                       "wholesale_cost":6.55,
                       "units_sold":29
                    }
                 }
              }
           },
           "B07XF7CHPC":{
              "acos":0,
              "average_cpc":0,
              "ad_clicks":0,
              "ad_impressions":0,
              "ad_orders":0,
              "ad_sales":0,
              "ad_spend":0,
              "conversion_rate":0,
              "sales":48.25,
              "units_sold":5,
              "orders":5,
              "units_per_order":1,
              "asp":9.65,
              "shipped_cogs":25.25,
              "percent_total_sales":0,
              "wholesale_cost":0,
              "asin":"B07XF7CHPC",
              "sku":"BNB-610300",
              "item_number":"610300",
              "short_product_title":"Zaggler, Bacon, Small",
              "meta":{
                 "sales_map":{
                    
                 },
                 "ads_arr":[
                    
                 ],
                 "ads_origin":{
                    "ads":0,
                    "display":0
                 },
                 "included_asins":{
                    
                 },
                 "asin_wholesale":{
                    
                 },
                 "asin_units":{
                    
                 },
                 "awu":{
                    "B07XF7CHPC":{
                       "wholesale_cost":5.05,
                       "units_sold":5
                    }
                 }
              }
           },
           "B08LP499SR":{
              "acos":0,
              "average_cpc":0,
              "ad_clicks":0,
              "ad_impressions":0,
              "ad_orders":0,
              "ad_sales":0,
              "ad_spend":0,
              "conversion_rate":0,
              "sales":57.95,
              "units_sold":5,
              "orders":5,
              "units_per_order":1,
              "asp":11.59,
              "shipped_cogs":30.25,
              "percent_total_sales":0,
              "wholesale_cost":0,
              "asin":"B08LP499SR",
              "sku":"BNB-622400",
              "item_number":"622400",
              "short_product_title":"Benebone Zaggler Rolling Dog Chew Toy, Made in USA, Real Chicken Flavor, Medium",
              "meta":{
                 "sales_map":{
                    
                 },
                 "ads_arr":[
                    
                 ],
                 "ads_origin":{
                    "ads":0,
                    "display":0
                 },
                 "included_asins":{
                    
                 },
                 "asin_wholesale":{
                    
                 },
                 "asin_units":{
                    
                 },
                 "awu":{
                    "B08LP499SR":{
                       "wholesale_cost":6.05,
                       "units_sold":5
                    }
                 }
              }
           },
           "B07C584K4Y":{
              "acos":0,
              "average_cpc":0,
              "ad_clicks":0,
              "ad_impressions":0,
              "ad_orders":0,
              "ad_sales":0,
              "ad_spend":0,
              "conversion_rate":0,
              "sales":208.92,
              "units_sold":12,
              "orders":11,
              "units_per_order":1.0909090909090908,
              "asp":17.41,
              "shipped_cogs":108.60000000000001,
              "percent_total_sales":0,
              "wholesale_cost":0,
              "asin":"B07C584K4Y",
              "sku":"BNB-890300",
              "item_number":"890300",
              "short_product_title":"Dental Chew, Bacon, Large",
              "meta":{
                 "sales_map":{
                    
                 },
                 "ads_arr":[
                    
                 ],
                 "ads_origin":{
                    "ads":0,
                    "display":0
                 },
                 "included_asins":{
                    
                 },
                 "asin_wholesale":{
                    
                 },
                 "asin_units":{
                    
                 },
                 "awu":{
                    "B07C584K4Y":{
                       "wholesale_cost":9.05,
                       "units_sold":12
                    }
                 }
              }
           },
           "B08LP44V4B":{
              "acos":0,
              "average_cpc":0,
              "ad_clicks":0,
              "ad_impressions":0,
              "ad_orders":0,
              "ad_sales":0,
              "ad_spend":0,
              "conversion_rate":0,
              "sales":270.9,
              "units_sold":14,
              "orders":10,
              "units_per_order":1.4,
              "asp":19.349999999999998,
              "shipped_cogs":141.4,
              "percent_total_sales":0,
              "wholesale_cost":0,
              "asin":"B08LP44V4B",
              "sku":"BNB-636250",
              "item_number":"636250",
              "short_product_title":"Benebone Zaggler Rolling Dog Chew Toy, Made in USA, Real Peanut Flavor, Giant",
              "meta":{
                 "sales_map":{
                    
                 },
                 "ads_arr":[
                    
                 ],
                 "ads_origin":{
                    "ads":0,
                    "display":0
                 },
                 "included_asins":{
                    
                 },
                 "asin_wholesale":{
                    
                 },
                 "asin_units":{
                    
                 },
                 "awu":{
                    "B08LP44V4B":{
                       "wholesale_cost":10.1,
                       "units_sold":14
                    }
                 }
              }
           },
           "B07F6WYYJ5":{
              "acos":0,
              "average_cpc":0,
              "ad_clicks":0,
              "ad_impressions":0,
              "ad_orders":0,
              "ad_sales":0,
              "ad_spend":0,
              "conversion_rate":0,
              "sales":174.1,
              "units_sold":10,
              "orders":10,
              "units_per_order":1,
              "asp":17.41,
              "shipped_cogs":90.5,
              "percent_total_sales":0,
              "wholesale_cost":0,
              "asin":"B07F6WYYJ5",
              "sku":"BNB-803300",
              "item_number":"803300",
              "short_product_title":"Maplestick, Large",
              "meta":{
                 "sales_map":{
                    
                 },
                 "ads_arr":[
                    
                 ],
                 "ads_origin":{
                    "ads":0,
                    "display":0
                 },
                 "included_asins":{
                    
                 },
                 "asin_wholesale":{
                    
                 },
                 "asin_units":{
                    
                 },
                 "awu":{
                    "B07F6WYYJ5":{
                       "wholesale_cost":9.05,
                       "units_sold":10
                    }
                 }
              }
           },
           "B07YM3WK54":{
              "acos":0,
              "average_cpc":0,
              "ad_clicks":0,
              "ad_impressions":0,
              "ad_orders":0,
              "ad_sales":0,
              "ad_spend":0,
              "conversion_rate":0,
              "sales":53.099999999999994,
              "units_sold":5,
              "orders":5,
              "units_per_order":1,
              "asp":10.62,
              "shipped_cogs":27.75,
              "percent_total_sales":0,
              "wholesale_cost":0,
              "asin":"B07YM3WK54",
              "sku":"BNB-804300",
              "item_number":"804300",
              "short_product_title":"Maplestick, Puppy, Small",
              "meta":{
                 "sales_map":{
                    
                 },
                 "ads_arr":[
                    
                 ],
                 "ads_origin":{
                    "ads":0,
                    "display":0
                 },
                 "included_asins":{
                    
                 },
                 "asin_wholesale":{
                    
                 },
                 "asin_units":{
                    
                 },
                 "awu":{
                    "B07YM3WK54":{
                       "wholesale_cost":5.55,
                       "units_sold":5
                    }
                 }
              }
           },
           "B07RHQNQK9":{
              "acos":0,
              "average_cpc":0,
              "ad_clicks":0,
              "ad_impressions":0,
              "ad_orders":0,
              "ad_sales":0,
              "ad_spend":0,
              "conversion_rate":0,
              "sales":223.33,
              "units_sold":13,
              "orders":13,
              "units_per_order":1,
              "asp":17.17923076923077,
              "shipped_cogs":117.65,
              "percent_total_sales":0,
              "wholesale_cost":0,
              "asin":"B07RHQNQK9",
              "sku":"BNB-813300",
              "item_number":"813300",
              "short_product_title":"Bacon Stick, Large",
              "meta":{
                 "sales_map":{
                    
                 },
                 "ads_arr":[
                    
                 ],
                 "ads_origin":{
                    "ads":0,
                    "display":0
                 },
                 "included_asins":{
                    
                 },
                 "asin_wholesale":{
                    
                 },
                 "asin_units":{
                    
                 },
                 "awu":{
                    "B07RHQNQK9":{
                       "wholesale_cost":9.05,
                       "units_sold":13
                    }
                 }
              }
           },
           "B075Z97QXV":{
              "acos":0,
              "average_cpc":0,
              "ad_clicks":0,
              "ad_impressions":0,
              "ad_orders":0,
              "ad_sales":0,
              "ad_spend":0,
              "conversion_rate":0,
              "sales":104.19999999999999,
              "units_sold":10,
              "orders":10,
              "units_per_order":1,
              "asp":10.419999999999998,
              "shipped_cogs":55.5,
              "percent_total_sales":0,
              "wholesale_cost":0,
              "asin":"B075Z97QXV",
              "sku":"BNB-811300",
              "item_number":"811300",
              "short_product_title":"Bacon Stick, Small",
              "meta":{
                 "sales_map":{
                    
                 },
                 "ads_arr":[
                    
                 ],
                 "ads_origin":{
                    "ads":0,
                    "display":0
                 },
                 "included_asins":{
                    
                 },
                 "asin_wholesale":{
                    
                 },
                 "asin_units":{
                    
                 },
                 "awu":{
                    "B075Z97QXV":{
                       "wholesale_cost":5.55,
                       "units_sold":10
                    }
                 }
              }
           },
           "B07X8YJC19":{
              "acos":0,
              "average_cpc":0,
              "ad_clicks":0,
              "ad_impressions":0,
              "ad_orders":0,
              "ad_sales":0,
              "ad_spend":0,
              "conversion_rate":0,
              "sales":216.21000000000004,
              "units_sold":19,
              "orders":18,
              "units_per_order":1.0555555555555556,
              "asp":11.379473684210529,
              "shipped_cogs":114.95,
              "percent_total_sales":0,
              "wholesale_cost":0,
              "asin":"B07X8YJC19",
              "sku":"BNB-620400",
              "item_number":"620400",
              "short_product_title":"Zaggler, Bacon, Medium",
              "meta":{
                 "sales_map":{
                    
                 },
                 "ads_arr":[
                    
                 ],
                 "ads_origin":{
                    "ads":0,
                    "display":0
                 },
                 "included_asins":{
                    
                 },
                 "asin_wholesale":{
                    
                 },
                 "asin_units":{
                    
                 },
                 "awu":{
                    "B07X8YJC19":{
                       "wholesale_cost":6.05,
                       "units_sold":19
                    }
                 }
              }
           },
           "B08LP192CF":{
              "acos":0,
              "average_cpc":0,
              "ad_clicks":0,
              "ad_impressions":0,
              "ad_orders":0,
              "ad_sales":0,
              "ad_spend":0,
              "conversion_rate":0,
              "sales":34.769999999999996,
              "units_sold":3,
              "orders":3,
              "units_per_order":1,
              "asp":11.589999999999998,
              "shipped_cogs":18.15,
              "percent_total_sales":0,
              "wholesale_cost":0,
              "asin":"B08LP192CF",
              "sku":"BNB-621400",
              "item_number":"621400",
              "short_product_title":"Benebone Zaggler Rolling Dog Chew Toy, Made in USA, Real Peanut Flavor, Medium",
              "meta":{
                 "sales_map":{
                    
                 },
                 "ads_arr":[
                    
                 ],
                 "ads_origin":{
                    "ads":0,
                    "display":0
                 },
                 "included_asins":{
                    
                 },
                 "asin_wholesale":{
                    
                 },
                 "asin_units":{
                    
                 },
                 "awu":{
                    "B08LP192CF":{
                       "wholesale_cost":6.05,
                       "units_sold":3
                    }
                 }
              }
           },
           "B07YM49H5W":{
              "acos":0,
              "average_cpc":0,
              "ad_clicks":0,
              "ad_impressions":0,
              "ad_orders":0,
              "ad_sales":0,
              "ad_spend":0,
              "conversion_rate":0,
              "sales":19.3,
              "units_sold":2,
              "orders":2,
              "units_per_order":1,
              "asp":9.65,
              "shipped_cogs":10.1,
              "percent_total_sales":0,
              "wholesale_cost":0,
              "asin":"B07YM49H5W",
              "sku":"BNB-829500",
              "item_number":"829500",
              "short_product_title":"Puppy Wishbone, Bacon, Small",
              "meta":{
                 "sales_map":{
                    
                 },
                 "ads_arr":[
                    
                 ],
                 "ads_origin":{
                    "ads":0,
                    "display":0
                 },
                 "included_asins":{
                    
                 },
                 "asin_wholesale":{
                    
                 },
                 "asin_units":{
                    
                 },
                 "awu":{
                    "B07YM49H5W":{
                       "wholesale_cost":5.05,
                       "units_sold":2
                    }
                 }
              }
           },
           "B071JQ8HJK":{
              "acos":0,
              "average_cpc":0,
              "ad_clicks":0,
              "ad_impressions":0,
              "ad_orders":0,
              "ad_sales":0,
              "ad_spend":0,
              "conversion_rate":0,
              "sales":50.24,
              "units_sold":4,
              "orders":4,
              "units_per_order":1,
              "asp":12.56,
              "shipped_cogs":26.2,
              "percent_total_sales":0,
              "wholesale_cost":0,
              "asin":"B071JQ8HJK",
              "sku":"BNB-830400",
              "item_number":"830250",
              "short_product_title":"Pawplexer, Bacon, Medium",
              "meta":{
                 "sales_map":{
                    
                 },
                 "ads_arr":[
                    
                 ],
                 "ads_origin":{
                    "ads":0,
                    "display":0
                 },
                 "included_asins":{
                    
                 },
                 "asin_wholesale":{
                    
                 },
                 "asin_units":{
                    
                 },
                 "awu":{
                    "B071JQ8HJK":{
                       "wholesale_cost":6.55,
                       "units_sold":4
                    }
                 }
              }
           },
           "B01725LZHC":{
              "acos":0,
              "average_cpc":0,
              "ad_clicks":0,
              "ad_impressions":0,
              "ad_orders":0,
              "ad_sales":0,
              "ad_spend":0,
              "conversion_rate":0,
              "sales":25.12,
              "units_sold":2,
              "orders":2,
              "units_per_order":1,
              "asp":12.56,
              "shipped_cogs":13.1,
              "percent_total_sales":0,
              "wholesale_cost":0,
              "asin":"B01725LZHC",
              "sku":"BNB-861350",
              "item_number":"861350",
              "short_product_title":"Benebone Dental Dog Chew Toy for Aggressive Chewers, Long Lasting, Made in USA, Medium, Real Peanut Flavor",
              "meta":{
                 "sales_map":{
                    
                 },
                 "ads_arr":[
                    
                 ],
                 "ads_origin":{
                    "ads":0,
                    "display":0
                 },
                 "included_asins":{
                    
                 },
                 "asin_wholesale":{
                    
                 },
                 "asin_units":{
                    
                 },
                 "awu":{
                    "B01725LZHC":{
                       "wholesale_cost":6.55,
                       "units_sold":2
                    }
                 }
              }
           },
           "B07RBR1Y83":{
              "acos":0,
              "average_cpc":0,
              "ad_clicks":0,
              "ad_impressions":0,
              "ad_orders":0,
              "ad_sales":0,
              "ad_spend":0,
              "conversion_rate":0,
              "sales":75.36,
              "units_sold":6,
              "orders":6,
              "units_per_order":1,
              "asp":12.56,
              "shipped_cogs":39.3,
              "percent_total_sales":0,
              "wholesale_cost":0,
              "asin":"B07RBR1Y83",
              "sku":"BNB-645400",
              "item_number":"645400",
              "short_product_title":"Tiny 2-pack, Bacon",
              "meta":{
                 "sales_map":{
                    
                 },
                 "ads_arr":[
                    
                 ],
                 "ads_origin":{
                    "ads":0,
                    "display":0
                 },
                 "included_asins":{
                    
                 },
                 "asin_wholesale":{
                    
                 },
                 "asin_units":{
                    
                 },
                 "awu":{
                    "B07RBR1Y83":{
                       "wholesale_cost":6.55,
                       "units_sold":6
                    }
                 }
              }
           },
           "B07CQNMXN1":{
              "acos":0,
              "average_cpc":0,
              "ad_clicks":0,
              "ad_impressions":0,
              "ad_orders":0,
              "ad_sales":0,
              "ad_spend":0,
              "conversion_rate":0,
              "sales":34.82,
              "units_sold":2,
              "orders":2,
              "units_per_order":1,
              "asp":17.41,
              "shipped_cogs":18.1,
              "percent_total_sales":0,
              "wholesale_cost":0,
              "asin":"B07CQNMXN1",
              "sku":"BNB-891300",
              "item_number":"891300",
              "short_product_title":"Dental Chew, Peanut, Large",
              "meta":{
                 "sales_map":{
                    
                 },
                 "ads_arr":[
                    
                 ],
                 "ads_origin":{
                    "ads":0,
                    "display":0
                 },
                 "included_asins":{
                    
                 },
                 "asin_wholesale":{
                    
                 },
                 "asin_units":{
                    
                 },
                 "awu":{
                    "B07CQNMXN1":{
                       "wholesale_cost":9.05,
                       "units_sold":2
                    }
                 }
              }
           },
           "B07YM3XSZV":{
              "acos":0,
              "average_cpc":0,
              "ad_clicks":0,
              "ad_impressions":0,
              "ad_orders":0,
              "ad_sales":0,
              "ad_spend":0,
              "conversion_rate":0,
              "sales":929.44,
              "units_sold":74,
              "orders":59,
              "units_per_order":1.2542372881355932,
              "asp":12.56,
              "shipped_cogs":484.7,
              "percent_total_sales":0,
              "wholesale_cost":0,
              "asin":"B07YM3XSZV",
              "sku":"BNB-655400",
              "item_number":"655400",
              "short_product_title":"Tiny 2-Pack, Maplestick/Zaggler, Bacon",
              "meta":{
                 "sales_map":{
                    
                 },
                 "ads_arr":[
                    
                 ],
                 "ads_origin":{
                    "ads":0,
                    "display":0
                 },
                 "included_asins":{
                    
                 },
                 "asin_wholesale":{
                    
                 },
                 "asin_units":{
                    
                 },
                 "awu":{
                    "B07YM3XSZV":{
                       "wholesale_cost":6.55,
                       "units_sold":74
                    }
                 }
              }
           },
           "B08LP3JXQK":{
              "acos":0,
              "average_cpc":0,
              "ad_clicks":0,
              "ad_impressions":0,
              "ad_orders":0,
              "ad_sales":0,
              "ad_spend":0,
              "conversion_rate":0,
              "sales":19.3,
              "units_sold":2,
              "orders":2,
              "units_per_order":1,
              "asp":9.65,
              "shipped_cogs":10.1,
              "percent_total_sales":0,
              "wholesale_cost":0,
              "asin":"B08LP3JXQK",
              "sku":"BNB-611300",
              "item_number":"611300",
              "short_product_title":"Benebone Zaggler Rolling Dog Chew Toy, Made in USA, Real Peanut Flavor, Small",
              "meta":{
                 "sales_map":{
                    
                 },
                 "ads_arr":[
                    
                 ],
                 "ads_origin":{
                    "ads":0,
                    "display":0
                 },
                 "included_asins":{
                    
                 },
                 "asin_wholesale":{
                    
                 },
                 "asin_units":{
                    
                 },
                 "awu":{
                    "B08LP3JXQK":{
                       "wholesale_cost":5.05,
                       "units_sold":2
                    }
                 }
              }
           },
           "B07F6VB2KW":{
              "acos":0,
              "average_cpc":0,
              "ad_clicks":0,
              "ad_impressions":0,
              "ad_orders":0,
              "ad_sales":0,
              "ad_spend":0,
              "conversion_rate":0,
              "sales":75.36,
              "units_sold":6,
              "orders":6,
              "units_per_order":1,
              "asp":12.56,
              "shipped_cogs":36.3,
              "percent_total_sales":0,
              "wholesale_cost":0,
              "asin":"B07F6VB2KW",
              "sku":"BNB-802350",
              "item_number":"802350",
              "short_product_title":"Maplestick, Medium",
              "meta":{
                 "sales_map":{
                    
                 },
                 "ads_arr":[
                    
                 ],
                 "ads_origin":{
                    "ads":0,
                    "display":0
                 },
                 "included_asins":{
                    
                 },
                 "asin_wholesale":{
                    
                 },
                 "asin_units":{
                    
                 },
                 "awu":{
                    "B07F6VB2KW":{
                       "wholesale_cost":6.05,
                       "units_sold":6
                    }
                 }
              }
           },
           "B0825TLBZD":{
              "acos":0,
              "average_cpc":0,
              "ad_clicks":0,
              "ad_impressions":0,
              "ad_orders":0,
              "ad_sales":0,
              "ad_spend":0,
              "conversion_rate":0,
              "sales":38.5,
              "units_sold":2,
              "orders":2,
              "units_per_order":1,
              "asp":19.25,
              "shipped_cogs":25,
              "percent_total_sales":0,
              "wholesale_cost":0,
              "asin":"B0825TLBZD",
              "sku":"Lumabone3PK",
              "item_number":"Lumabone3PK",
              "short_product_title":"Lumabone 3 pack",
              "meta":{
                 "sales_map":{
                    
                 },
                 "ads_arr":[
                    
                 ],
                 "ads_origin":{
                    "ads":0,
                    "display":0
                 },
                 "included_asins":{
                    
                 },
                 "asin_wholesale":{
                    
                 },
                 "asin_units":{
                    
                 },
                 "awu":{
                    "B0825TLBZD":{
                       "wholesale_cost":12.5,
                       "units_sold":2
                    }
                 }
              }
           },
           "B08LMCVM1S":{
              "acos":0,
              "average_cpc":0,
              "ad_clicks":0,
              "ad_impressions":0,
              "ad_orders":0,
              "ad_sales":0,
              "ad_spend":0,
              "conversion_rate":0,
              "sales":19.35,
              "units_sold":1,
              "orders":1,
              "units_per_order":1,
              "asp":19.35,
              "shipped_cogs":10.1,
              "percent_total_sales":0,
              "wholesale_cost":0,
              "asin":"B08LMCVM1S",
              "sku":"BNB-877300",
              "item_number":"877300",
              "short_product_title":"Benebone Wishbone Durable Dog Chew Toy for Aggressive Chewers, Made in USA, Giant, Real Peanut Flavor",
              "meta":{
                 "sales_map":{
                    
                 },
                 "ads_arr":[
                    
                 ],
                 "ads_origin":{
                    "ads":0,
                    "display":0
                 },
                 "included_asins":{
                    
                 },
                 "asin_wholesale":{
                    
                 },
                 "asin_units":{
                    
                 },
                 "awu":{
                    "B08LMCVM1S":{
                       "wholesale_cost":10.1,
                       "units_sold":1
                    }
                 }
              }
           },
           "B08LP2ZLKL":{
              "acos":0,
              "average_cpc":0,
              "ad_clicks":0,
              "ad_impressions":0,
              "ad_orders":0,
              "ad_sales":0,
              "ad_spend":0,
              "conversion_rate":0,
              "sales":17.41,
              "units_sold":1,
              "orders":1,
              "units_per_order":1,
              "asp":17.41,
              "shipped_cogs":9.05,
              "percent_total_sales":0,
              "wholesale_cost":0,
              "asin":"B08LP2ZLKL",
              "sku":"BNB-632250",
              "item_number":"632250",
              "short_product_title":"Benebone Zaggler Rolling Dog Chew Toy, Made in USA, Real Chicken Flavor, Large",
              "meta":{
                 "sales_map":{
                    
                 },
                 "ads_arr":[
                    
                 ],
                 "ads_origin":{
                    "ads":0,
                    "display":0
                 },
                 "included_asins":{
                    
                 },
                 "asin_wholesale":{
                    
                 },
                 "asin_units":{
                    
                 },
                 "awu":{
                    "B08LP2ZLKL":{
                       "wholesale_cost":9.05,
                       "units_sold":1
                    }
                 }
              }
           }
        },
        "period":{
           "start":"2021-09-01T00:00:00Z",
           "end":"2021-09-30T23:59:59Z"
        }
     },
     {
        "summary":{
           "acos":9999.99,
           "ad_clicks":4,
           "ad_impressions":2448,
           "ad_orders":0,
           "ad_sales":0,
           "ad_spend":4.199999999999999,
           "average_cpc":1.0499999999999998,
           "conversion_rate":0,
           "percent_total_sales":0,
           "sales":97858.21000000005,
           "shipped_cogs":58898.3,
           "units_sold":6656,
           "orders":5919,
           "asp":14.702255108173084,
           "sku":"N/A",
           "item_number":"N/A",
           "asin":"N/A",
           "meta":{
              "brand_lvl":{
                 "clicks":0,
                 "impressions":0,
                 "sales":0,
                 "spend":0
              }
           },
           "units_per_order":1.1245142760601452
        },
        "itemized":{
           "B07F6VB2KW":{
              "acos":0,
              "average_cpc":0,
              "ad_clicks":0,
              "ad_impressions":0,
              "ad_orders":0,
              "ad_sales":0,
              "ad_spend":0,
              "conversion_rate":0,
              "sales":1255.9999999999977,
              "units_sold":100,
              "orders":99,
              "units_per_order":1.0101010101010102,
              "asp":12.559999999999977,
              "shipped_cogs":605,
              "percent_total_sales":0,
              "wholesale_cost":0,
              "asin":"B07F6VB2KW",
              "sku":"BNB-802350",
              "item_number":"802350",
              "short_product_title":"Maplestick, Medium",
              "meta":{
                 "sales_map":{
                    
                 },
                 "ads_arr":[
                    
                 ],
                 "ads_origin":{
                    "ads":0,
                    "display":0
                 },
                 "included_asins":{
                    
                 },
                 "asin_wholesale":{
                    
                 },
                 "asin_units":{
                    
                 },
                 "awu":{
                    "B07F6VB2KW":{
                       "wholesale_cost":6.05,
                       "units_sold":100
                    }
                 }
              }
           },
           "B0825TLBZD":{
              "acos":0,
              "average_cpc":0,
              "ad_clicks":0,
              "ad_impressions":0,
              "ad_orders":0,
              "ad_sales":0,
              "ad_spend":0,
              "conversion_rate":0,
              "sales":38711.75,
              "units_sold":2011,
              "orders":1805,
              "units_per_order":1.1141274238227148,
              "asp":19.25,
              "shipped_cogs":25137.5,
              "percent_total_sales":0,
              "wholesale_cost":0,
              "asin":"B0825TLBZD",
              "sku":"Lumabone3PK",
              "item_number":"Lumabone3PK",
              "short_product_title":"Lumabone 3 pack",
              "meta":{
                 "sales_map":{
                    
                 },
                 "ads_arr":[
                    
                 ],
                 "ads_origin":{
                    "ads":0,
                    "display":0
                 },
                 "included_asins":{
                    
                 },
                 "asin_wholesale":{
                    
                 },
                 "asin_units":{
                    
                 },
                 "awu":{
                    "B0825TLBZD":{
                       "wholesale_cost":12.5,
                       "units_sold":2011
                    }
                 }
              }
           },
           "B08LP44V4B":{
              "acos":0,
              "average_cpc":0,
              "ad_clicks":0,
              "ad_impressions":0,
              "ad_orders":0,
              "ad_sales":0,
              "ad_spend":0,
              "conversion_rate":0,
              "sales":11919.600000000006,
              "units_sold":616,
              "orders":559,
              "units_per_order":1.1019677996422181,
              "asp":19.35000000000001,
              "shipped_cogs":6221.599999999999,
              "percent_total_sales":0,
              "wholesale_cost":0,
              "asin":"B08LP44V4B",
              "sku":"BNB-636250",
              "item_number":"636250",
              "short_product_title":"Benebone Zaggler Rolling Dog Chew Toy, Made in USA, Real Peanut Flavor, Giant",
              "meta":{
                 "sales_map":{
                    
                 },
                 "ads_arr":[
                    
                 ],
                 "ads_origin":{
                    "ads":0,
                    "display":0
                 },
                 "included_asins":{
                    
                 },
                 "asin_wholesale":{
                    
                 },
                 "asin_units":{
                    
                 },
                 "awu":{
                    "B08LP44V4B":{
                       "wholesale_cost":10.1,
                       "units_sold":616
                    }
                 }
              }
           },
           "B07R4PXC7B":{
              "acos":9999.99,
              "average_cpc":1.13,
              "ad_clicks":1,
              "ad_impressions":1651,
              "ad_orders":0,
              "ad_sales":0,
              "ad_spend":1.13,
              "conversion_rate":0,
              "sales":1318.7999999999981,
              "units_sold":105,
              "orders":96,
              "units_per_order":1.09375,
              "asp":12.559999999999983,
              "shipped_cogs":687.75,
              "percent_total_sales":0,
              "wholesale_cost":0,
              "asin":"B07R4PXC7B",
              "sku":"BNB-640400",
              "item_number":"640400",
              "short_product_title":"Puppy Pack, Bacon",
              "meta":{
                 "sales_map":{
                    
                 },
                 "ads_arr":[
                    {
                       "id":3099,
                       "campaignId":"121293626842389",
                       "brand":"Benebone",
                       "product_sku":"BNB-640400",
                       "product_asin":"B07R4PXC7B",
                       "impressions":29,
                       "clicks":0,
                       "spend":"0.0000000000000000",
                       "orders":0,
                       "sales":"0.0000000000000000",
                       "date":"2021-08-02T00:00:00.000Z",
                       "accountName":"opc",
                       "ad_type":"ad"
                    },
                    {
                       "id":19267,
                       "campaignId":"121293626842389",
                       "brand":"Benebone",
                       "product_sku":"BNB-640400",
                       "product_asin":"B07R4PXC7B",
                       "impressions":14,
                       "clicks":0,
                       "spend":"0.0000000000000000",
                       "orders":0,
                       "sales":"0.0000000000000000",
                       "date":"2021-08-05T07:00:00.000Z",
                       "accountName":"opc",
                       "ad_type":"ad"
                    },
                    {
                       "id":20417,
                       "campaignId":"121293626842389",
                       "brand":"Benebone",
                       "product_sku":"BNB-640400",
                       "product_asin":"B07R4PXC7B",
                       "impressions":15,
                       "clicks":0,
                       "spend":"0.0000000000000000",
                       "orders":0,
                       "sales":"0.0000000000000000",
                       "date":"2021-08-04T07:00:00.000Z",
                       "accountName":"opc",
                       "ad_type":"ad"
                    },
                    {
                       "id":22737,
                       "campaignId":"121293626842389",
                       "brand":"Benebone",
                       "product_sku":"BNB-640400",
                       "product_asin":"B07R4PXC7B",
                       "impressions":29,
                       "clicks":0,
                       "spend":"0.0000000000000000",
                       "orders":0,
                       "sales":"0.0000000000000000",
                       "date":"2021-08-02T07:00:00.000Z",
                       "accountName":"opc",
                       "ad_type":"ad"
                    },
                    {
                       "id":28843,
                       "campaignId":"121293626842389",
                       "brand":"Benebone",
                       "product_sku":"BNB-640400",
                       "product_asin":"B07R4PXC7B",
                       "impressions":29,
                       "clicks":0,
                       "spend":"0.0000000000000000",
                       "orders":0,
                       "sales":"0.0000000000000000",
                       "date":"2021-08-06T07:00:00.000Z",
                       "accountName":"opc",
                       "ad_type":"ad"
                    },
                    {
                       "id":30600,
                       "campaignId":"121293626842389",
                       "brand":"Benebone",
                       "product_sku":"BNB-640400",
                       "product_asin":"B07R4PXC7B",
                       "impressions":46,
                       "clicks":0,
                       "spend":"0.0000000000000000",
                       "orders":0,
                       "sales":"0.0000000000000000",
                       "date":"2021-08-07T07:00:00.000Z",
                       "accountName":"opc",
                       "ad_type":"ad"
                    },
                    {
                       "id":31984,
                       "campaignId":"121293626842389",
                       "brand":"Benebone",
                       "product_sku":"BNB-640400",
                       "product_asin":"B07R4PXC7B",
                       "impressions":34,
                       "clicks":0,
                       "spend":"0.0000000000000000",
                       "orders":0,
                       "sales":"0.0000000000000000",
                       "date":"2021-08-08T07:00:00.000Z",
                       "accountName":"opc",
                       "ad_type":"ad"
                    },
                    {
                       "id":33155,
                       "campaignId":"121293626842389",
                       "brand":"Benebone",
                       "product_sku":"BNB-640400",
                       "product_asin":"B07R4PXC7B",
                       "impressions":41,
                       "clicks":0,
                       "spend":"0.0000000000000000",
                       "orders":0,
                       "sales":"0.0000000000000000",
                       "date":"2021-08-12T07:00:00.000Z",
                       "accountName":"opc",
                       "ad_type":"ad"
                    },
                    {
                       "id":33820,
                       "campaignId":"121293626842389",
                       "brand":"Benebone",
                       "product_sku":"BNB-640400",
                       "product_asin":"B07R4PXC7B",
                       "impressions":71,
                       "clicks":0,
                       "spend":"0.0000000000000000",
                       "orders":0,
                       "sales":"0.0000000000000000",
                       "date":"2021-08-11T07:00:00.000Z",
                       "accountName":"opc",
                       "ad_type":"ad"
                    },
                    {
                       "id":34974,
                       "campaignId":"121293626842389",
                       "brand":"Benebone",
                       "product_sku":"BNB-640400",
                       "product_asin":"B07R4PXC7B",
                       "impressions":51,
                       "clicks":0,
                       "spend":"0.0000000000000000",
                       "orders":0,
                       "sales":"0.0000000000000000",
                       "date":"2021-08-10T07:00:00.000Z",
                       "accountName":"opc",
                       "ad_type":"ad"
                    },
                    {
                       "id":36115,
                       "campaignId":"121293626842389",
                       "brand":"Benebone",
                       "product_sku":"BNB-640400",
                       "product_asin":"B07R4PXC7B",
                       "impressions":45,
                       "clicks":0,
                       "spend":"0.0000000000000000",
                       "orders":0,
                       "sales":"0.0000000000000000",
                       "date":"2021-08-09T07:00:00.000Z",
                       "accountName":"opc",
                       "ad_type":"ad"
                    },
                    {
                       "id":38666,
                       "campaignId":"121293626842389",
                       "brand":"Benebone",
                       "product_sku":"BNB-640400",
                       "product_asin":"B07R4PXC7B",
                       "impressions":29,
                       "clicks":1,
                       "spend":"1.1300000000000000",
                       "orders":0,
                       "sales":"0.0000000000000000",
                       "date":"2021-08-15T07:00:00.000Z",
                       "accountName":"opc",
                       "ad_type":"ad"
                    },
                    {
                       "id":39797,
                       "campaignId":"121293626842389",
                       "brand":"Benebone",
                       "product_sku":"BNB-640400",
                       "product_asin":"B07R4PXC7B",
                       "impressions":19,
                       "clicks":0,
                       "spend":"0.0000000000000000",
                       "orders":0,
                       "sales":"0.0000000000000000",
                       "date":"2021-08-14T07:00:00.000Z",
                       "accountName":"opc",
                       "ad_type":"ad"
                    },
                    {
                       "id":40924,
                       "campaignId":"121293626842389",
                       "brand":"Benebone",
                       "product_sku":"BNB-640400",
                       "product_asin":"B07R4PXC7B",
                       "impressions":20,
                       "clicks":0,
                       "spend":"0.0000000000000000",
                       "orders":0,
                       "sales":"0.0000000000000000",
                       "date":"2021-08-13T07:00:00.000Z",
                       "accountName":"opc",
                       "ad_type":"ad"
                    },
                    {
                       "id":81685,
                       "campaignId":"121293626842389",
                       "brand":"Benebone",
                       "product_sku":"BNB-640400",
                       "product_asin":"B07R4PXC7B",
                       "impressions":69,
                       "clicks":0,
                       "spend":"0.0000000000000000",
                       "orders":0,
                       "sales":"0.0000000000000000",
                       "date":"2021-08-31T07:00:00.000Z",
                       "accountName":"opc",
                       "ad_type":"ad"
                    },
                    {
                       "id":82815,
                       "campaignId":"121293626842389",
                       "brand":"Benebone",
                       "product_sku":"BNB-640400",
                       "product_asin":"B07R4PXC7B",
                       "impressions":100,
                       "clicks":0,
                       "spend":"0.0000000000000000",
                       "orders":0,
                       "sales":"0.0000000000000000",
                       "date":"2021-08-30T07:00:00.000Z",
                       "accountName":"opc",
                       "ad_type":"ad"
                    },
                    {
                       "id":83929,
                       "campaignId":"121293626842389",
                       "brand":"Benebone",
                       "product_sku":"BNB-640400",
                       "product_asin":"B07R4PXC7B",
                       "impressions":65,
                       "clicks":0,
                       "spend":"0.0000000000000000",
                       "orders":0,
                       "sales":"0.0000000000000000",
                       "date":"2021-08-29T07:00:00.000Z",
                       "accountName":"opc",
                       "ad_type":"ad"
                    },
                    {
                       "id":85044,
                       "campaignId":"121293626842389",
                       "brand":"Benebone",
                       "product_sku":"BNB-640400",
                       "product_asin":"B07R4PXC7B",
                       "impressions":29,
                       "clicks":0,
                       "spend":"0.0000000000000000",
                       "orders":0,
                       "sales":"0.0000000000000000",
                       "date":"2021-08-28T07:00:00.000Z",
                       "accountName":"opc",
                       "ad_type":"ad"
                    },
                    {
                       "id":86160,
                       "campaignId":"121293626842389",
                       "brand":"Benebone",
                       "product_sku":"BNB-640400",
                       "product_asin":"B07R4PXC7B",
                       "impressions":66,
                       "clicks":0,
                       "spend":"0.0000000000000000",
                       "orders":0,
                       "sales":"0.0000000000000000",
                       "date":"2021-08-27T07:00:00.000Z",
                       "accountName":"opc",
                       "ad_type":"ad"
                    },
                    {
                       "id":87270,
                       "campaignId":"121293626842389",
                       "brand":"Benebone",
                       "product_sku":"BNB-640400",
                       "product_asin":"B07R4PXC7B",
                       "impressions":64,
                       "clicks":0,
                       "spend":"0.0000000000000000",
                       "orders":0,
                       "sales":"0.0000000000000000",
                       "date":"2021-08-26T07:00:00.000Z",
                       "accountName":"opc",
                       "ad_type":"ad"
                    },
                    {
                       "id":88401,
                       "campaignId":"121293626842389",
                       "brand":"Benebone",
                       "product_sku":"BNB-640400",
                       "product_asin":"B07R4PXC7B",
                       "impressions":58,
                       "clicks":0,
                       "spend":"0.0000000000000000",
                       "orders":0,
                       "sales":"0.0000000000000000",
                       "date":"2021-08-25T07:00:00.000Z",
                       "accountName":"opc",
                       "ad_type":"ad"
                    },
                    {
                       "id":89546,
                       "campaignId":"121293626842389",
                       "brand":"Benebone",
                       "product_sku":"BNB-640400",
                       "product_asin":"B07R4PXC7B",
                       "impressions":85,
                       "clicks":0,
                       "spend":"0.0000000000000000",
                       "orders":0,
                       "sales":"0.0000000000000000",
                       "date":"2021-08-24T07:00:00.000Z",
                       "accountName":"opc",
                       "ad_type":"ad"
                    },
                    {
                       "id":90683,
                       "campaignId":"121293626842389",
                       "brand":"Benebone",
                       "product_sku":"BNB-640400",
                       "product_asin":"B07R4PXC7B",
                       "impressions":99,
                       "clicks":0,
                       "spend":"0.0000000000000000",
                       "orders":0,
                       "sales":"0.0000000000000000",
                       "date":"2021-08-23T07:00:00.000Z",
                       "accountName":"opc",
                       "ad_type":"ad"
                    },
                    {
                       "id":91847,
                       "campaignId":"121293626842389",
                       "brand":"Benebone",
                       "product_sku":"BNB-640400",
                       "product_asin":"B07R4PXC7B",
                       "impressions":79,
                       "clicks":0,
                       "spend":"0.0000000000000000",
                       "orders":0,
                       "sales":"0.0000000000000000",
                       "date":"2021-08-22T07:00:00.000Z",
                       "accountName":"opc",
                       "ad_type":"ad"
                    },
                    {
                       "id":93031,
                       "campaignId":"121293626842389",
                       "brand":"Benebone",
                       "product_sku":"BNB-640400",
                       "product_asin":"B07R4PXC7B",
                       "impressions":50,
                       "clicks":0,
                       "spend":"0.0000000000000000",
                       "orders":0,
                       "sales":"0.0000000000000000",
                       "date":"2021-08-21T07:00:00.000Z",
                       "accountName":"opc",
                       "ad_type":"ad"
                    },
                    {
                       "id":94221,
                       "campaignId":"121293626842389",
                       "brand":"Benebone",
                       "product_sku":"BNB-640400",
                       "product_asin":"B07R4PXC7B",
                       "impressions":165,
                       "clicks":0,
                       "spend":"0.0000000000000000",
                       "orders":0,
                       "sales":"0.0000000000000000",
                       "date":"2021-08-20T07:00:00.000Z",
                       "accountName":"opc",
                       "ad_type":"ad"
                    },
                    {
                       "id":95404,
                       "campaignId":"121293626842389",
                       "brand":"Benebone",
                       "product_sku":"BNB-640400",
                       "product_asin":"B07R4PXC7B",
                       "impressions":115,
                       "clicks":0,
                       "spend":"0.0000000000000000",
                       "orders":0,
                       "sales":"0.0000000000000000",
                       "date":"2021-08-19T07:00:00.000Z",
                       "accountName":"opc",
                       "ad_type":"ad"
                    },
                    {
                       "id":96593,
                       "campaignId":"121293626842389",
                       "brand":"Benebone",
                       "product_sku":"BNB-640400",
                       "product_asin":"B07R4PXC7B",
                       "impressions":70,
                       "clicks":0,
                       "spend":"0.0000000000000000",
                       "orders":0,
                       "sales":"0.0000000000000000",
                       "date":"2021-08-18T07:00:00.000Z",
                       "accountName":"opc",
                       "ad_type":"ad"
                    },
                    {
                       "id":97775,
                       "campaignId":"121293626842389",
                       "brand":"Benebone",
                       "product_sku":"BNB-640400",
                       "product_asin":"B07R4PXC7B",
                       "impressions":26,
                       "clicks":0,
                       "spend":"0.0000000000000000",
                       "orders":0,
                       "sales":"0.0000000000000000",
                       "date":"2021-08-17T07:00:00.000Z",
                       "accountName":"opc",
                       "ad_type":"ad"
                    },
                    {
                       "id":98936,
                       "campaignId":"121293626842389",
                       "brand":"Benebone",
                       "product_sku":"BNB-640400",
                       "product_asin":"B07R4PXC7B",
                       "impressions":39,
                       "clicks":0,
                       "spend":"0.0000000000000000",
                       "orders":0,
                       "sales":"0.0000000000000000",
                       "date":"2021-08-16T07:00:00.000Z",
                       "accountName":"opc",
                       "ad_type":"ad"
                    }
                 ],
                 "ads_origin":{
                    "ads":30,
                    "display":0
                 },
                 "included_asins":{
                    
                 },
                 "asin_wholesale":{
                    
                 },
                 "asin_units":{
                    
                 },
                 "awu":{
                    "B07R4PXC7B":{
                       "wholesale_cost":6.55,
                       "units_sold":105
                    }
                 }
              }
           },
           "B014JXJ2S4":{
              "acos":0,
              "average_cpc":0,
              "ad_clicks":0,
              "ad_impressions":0,
              "ad_orders":0,
              "ad_sales":0,
              "ad_spend":0,
              "conversion_rate":0,
              "sales":28298.600000000024,
              "units_sold":2717,
              "orders":2334,
              "units_per_order":1.164095972579263,
              "asp":10.415384615384625,
              "shipped_cogs":17796.35,
              "percent_total_sales":0,
              "wholesale_cost":0,
              "asin":"B014JXJ2S4",
              "sku":"BNB-860350",
              "item_number":"860350",
              "short_product_title":"Dental Chew, Bacon, Medium",
              "meta":{
                 "sales_map":{
                    
                 },
                 "ads_arr":[
                    
                 ],
                 "ads_origin":{
                    "ads":0,
                    "display":0
                 },
                 "included_asins":{
                    
                 },
                 "asin_wholesale":{
                    
                 },
                 "asin_units":{
                    
                 },
                 "awu":{
                    "B014JXJ2S4":{
                       "wholesale_cost":6.55,
                       "units_sold":2717
                    }
                 }
              }
           },
           "B07XD4M51J":{
              "acos":0,
              "average_cpc":0,
              "ad_clicks":0,
              "ad_impressions":0,
              "ad_orders":0,
              "ad_sales":0,
              "ad_spend":0,
              "conversion_rate":0,
              "sales":6546.160000000001,
              "units_sold":376,
              "orders":332,
              "units_per_order":1.1325301204819278,
              "asp":17.410000000000004,
              "shipped_cogs":3402.8,
              "percent_total_sales":0,
              "wholesale_cost":0,
              "asin":"B07XD4M51J",
              "sku":"BNB-630250",
              "item_number":"630250",
              "short_product_title":"Zaggler, Bacon, Large",
              "meta":{
                 "sales_map":{
                    
                 },
                 "ads_arr":[
                    
                 ],
                 "ads_origin":{
                    "ads":0,
                    "display":0
                 },
                 "included_asins":{
                    
                 },
                 "asin_wholesale":{
                    
                 },
                 "asin_units":{
                    
                 },
                 "awu":{
                    "B07XD4M51J":{
                       "wholesale_cost":9.05,
                       "units_sold":376
                    }
                 }
              }
           },
           "B08CM4TBYT":{
              "acos":0,
              "average_cpc":0,
              "ad_clicks":0,
              "ad_impressions":0,
              "ad_orders":0,
              "ad_sales":0,
              "ad_spend":0,
              "conversion_rate":0,
              "sales":389.70000000000016,
              "units_sold":30,
              "orders":30,
              "units_per_order":1,
              "asp":12.990000000000006,
              "shipped_cogs":181.5,
              "percent_total_sales":0,
              "wholesale_cost":0,
              "asin":"B08CM4TBYT",
              "sku":"BNB-809600",
              "item_number":"809600",
              "short_product_title":"Benebone Puppy Wishbone Dog Chew Toy, Made in USA, Real Bacon Flavor, Medium (Medium - Wishbone)",
              "meta":{
                 "sales_map":{
                    
                 },
                 "ads_arr":[
                    
                 ],
                 "ads_origin":{
                    "ads":0,
                    "display":0
                 },
                 "included_asins":{
                    
                 },
                 "asin_wholesale":{
                    
                 },
                 "asin_units":{
                    
                 },
                 "awu":{
                    "B08CM4TBYT":{
                       "wholesale_cost":6.05,
                       "units_sold":30
                    }
                 }
              }
           },
           "B07C584K4Y":{
              "acos":0,
              "average_cpc":0,
              "ad_clicks":0,
              "ad_impressions":0,
              "ad_orders":0,
              "ad_sales":0,
              "ad_spend":0,
              "conversion_rate":0,
              "sales":766.0399999999998,
              "units_sold":44,
              "orders":44,
              "units_per_order":1,
              "asp":17.409999999999997,
              "shipped_cogs":398.20000000000005,
              "percent_total_sales":0,
              "wholesale_cost":0,
              "asin":"B07C584K4Y",
              "sku":"BNB-890300",
              "item_number":"890300",
              "short_product_title":"Dental Chew, Bacon, Large",
              "meta":{
                 "sales_map":{
                    
                 },
                 "ads_arr":[
                    
                 ],
                 "ads_origin":{
                    "ads":0,
                    "display":0
                 },
                 "included_asins":{
                    
                 },
                 "asin_wholesale":{
                    
                 },
                 "asin_units":{
                    
                 },
                 "awu":{
                    "B07C584K4Y":{
                       "wholesale_cost":9.05,
                       "units_sold":44
                    }
                 }
              }
           },
           "B07XF7CHPC":{
              "acos":0,
              "average_cpc":0,
              "ad_clicks":0,
              "ad_impressions":0,
              "ad_orders":0,
              "ad_sales":0,
              "ad_spend":0,
              "conversion_rate":0,
              "sales":482.49999999999955,
              "units_sold":50,
              "orders":50,
              "units_per_order":1,
              "asp":9.649999999999991,
              "shipped_cogs":252.5,
              "percent_total_sales":0,
              "wholesale_cost":0,
              "asin":"B07XF7CHPC",
              "sku":"BNB-610300",
              "item_number":"610300",
              "short_product_title":"Zaggler, Bacon, Small",
              "meta":{
                 "sales_map":{
                    
                 },
                 "ads_arr":[
                    
                 ],
                 "ads_origin":{
                    "ads":0,
                    "display":0
                 },
                 "included_asins":{
                    
                 },
                 "asin_wholesale":{
                    
                 },
                 "asin_units":{
                    
                 },
                 "awu":{
                    "B07XF7CHPC":{
                       "wholesale_cost":5.05,
                       "units_sold":50
                    }
                 }
              }
           },
           "B075ZGCSD9":{
              "acos":0,
              "average_cpc":0,
              "ad_clicks":0,
              "ad_impressions":0,
              "ad_orders":0,
              "ad_sales":0,
              "ad_spend":0,
              "conversion_rate":0,
              "sales":208.92,
              "units_sold":12,
              "orders":12,
              "units_per_order":1,
              "asp":17.41,
              "shipped_cogs":108.60000000000001,
              "percent_total_sales":0,
              "wholesale_cost":0,
              "asin":"B075ZGCSD9",
              "sku":"BNB-850350",
              "item_number":"850350",
              "short_product_title":"Pawplexer, Bacon, Large",
              "meta":{
                 "sales_map":{
                    
                 },
                 "ads_arr":[
                    
                 ],
                 "ads_origin":{
                    "ads":0,
                    "display":0
                 },
                 "included_asins":{
                    
                 },
                 "asin_wholesale":{
                    
                 },
                 "asin_units":{
                    
                 },
                 "awu":{
                    "B075ZGCSD9":{
                       "wholesale_cost":9.05,
                       "units_sold":12
                    }
                 }
              }
           },
           "B07X8YJC19":{
              "acos":0,
              "average_cpc":0,
              "ad_clicks":0,
              "ad_impressions":0,
              "ad_orders":0,
              "ad_sales":0,
              "ad_spend":0,
              "conversion_rate":0,
              "sales":428.8299999999999,
              "units_sold":37,
              "orders":37,
              "units_per_order":1,
              "asp":11.589999999999998,
              "shipped_cogs":223.85,
              "percent_total_sales":0,
              "wholesale_cost":0,
              "asin":"B07X8YJC19",
              "sku":"BNB-620400",
              "item_number":"620400",
              "short_product_title":"Zaggler, Bacon, Medium",
              "meta":{
                 "sales_map":{
                    
                 },
                 "ads_arr":[
                    
                 ],
                 "ads_origin":{
                    "ads":0,
                    "display":0
                 },
                 "included_asins":{
                    
                 },
                 "asin_wholesale":{
                    
                 },
                 "asin_units":{
                    
                 },
                 "awu":{
                    "B07X8YJC19":{
                       "wholesale_cost":6.05,
                       "units_sold":37
                    }
                 }
              }
           },
           "B07F6WYYJ5":{
              "acos":0,
              "average_cpc":0,
              "ad_clicks":0,
              "ad_impressions":0,
              "ad_orders":0,
              "ad_sales":0,
              "ad_spend":0,
              "conversion_rate":0,
              "sales":661.58,
              "units_sold":38,
              "orders":38,
              "units_per_order":1,
              "asp":17.41,
              "shipped_cogs":343.90000000000003,
              "percent_total_sales":0,
              "wholesale_cost":0,
              "asin":"B07F6WYYJ5",
              "sku":"BNB-803300",
              "item_number":"803300",
              "short_product_title":"Maplestick, Large",
              "meta":{
                 "sales_map":{
                    
                 },
                 "ads_arr":[
                    
                 ],
                 "ads_origin":{
                    "ads":0,
                    "display":0
                 },
                 "included_asins":{
                    
                 },
                 "asin_wholesale":{
                    
                 },
                 "asin_units":{
                    
                 },
                 "awu":{
                    "B07F6WYYJ5":{
                       "wholesale_cost":9.05,
                       "units_sold":38
                    }
                 }
              }
           },
           "B07RHQMVKH":{
              "acos":9999.99,
              "average_cpc":1.0233333333333332,
              "ad_clicks":3,
              "ad_impressions":797,
              "ad_orders":0,
              "ad_sales":0,
              "ad_spend":3.07,
              "conversion_rate":0,
              "sales":1168.0799999999983,
              "units_sold":93,
              "orders":93,
              "units_per_order":1,
              "asp":12.559999999999983,
              "shipped_cogs":609.15,
              "percent_total_sales":0,
              "wholesale_cost":0,
              "asin":"B07RHQMVKH",
              "sku":"BNB-812350",
              "item_number":"812350",
              "short_product_title":"Bacon Stick, Medium",
              "meta":{
                 "sales_map":{
                    
                 },
                 "ads_arr":[
                    {
                       "id":28197,
                       "campaignId":"237134316058535",
                       "brand":"Benebone",
                       "product_sku":"BNB-812350",
                       "product_asin":"B07RHQMVKH",
                       "impressions":74,
                       "clicks":0,
                       "spend":"0.0000000000000000",
                       "orders":0,
                       "sales":"0.0000000000000000",
                       "date":"2021-08-06T07:00:00.000Z",
                       "accountName":"opc",
                       "ad_type":"ad"
                    },
                    {
                       "id":29094,
                       "campaignId":"237134316058535",
                       "brand":"Benebone",
                       "product_sku":"BNB-812350",
                       "product_asin":"B07RHQMVKH",
                       "impressions":34,
                       "clicks":0,
                       "spend":"0.0000000000000000",
                       "orders":0,
                       "sales":"0.0000000000000000",
                       "date":"2021-08-05T07:00:00.000Z",
                       "accountName":"opc",
                       "ad_type":"ad"
                    },
                    {
                       "id":29899,
                       "campaignId":"237134316058535",
                       "brand":"Benebone",
                       "product_sku":"BNB-812350",
                       "product_asin":"B07RHQMVKH",
                       "impressions":300,
                       "clicks":2,
                       "spend":"2.1900000000000000",
                       "orders":0,
                       "sales":"0.0000000000000000",
                       "date":"2021-08-07T07:00:00.000Z",
                       "accountName":"opc",
                       "ad_type":"ad"
                    },
                    {
                       "id":31295,
                       "campaignId":"237134316058535",
                       "brand":"Benebone",
                       "product_sku":"BNB-812350",
                       "product_asin":"B07RHQMVKH",
                       "impressions":229,
                       "clicks":0,
                       "spend":"0.0000000000000000",
                       "orders":0,
                       "sales":"0.0000000000000000",
                       "date":"2021-08-08T07:00:00.000Z",
                       "accountName":"opc",
                       "ad_type":"ad"
                    },
                    {
                       "id":35783,
                       "campaignId":"237134316058535",
                       "brand":"Benebone",
                       "product_sku":"BNB-812350",
                       "product_asin":"B07RHQMVKH",
                       "impressions":38,
                       "clicks":0,
                       "spend":"0.0000000000000000",
                       "orders":0,
                       "sales":"0.0000000000000000",
                       "date":"2021-08-09T07:00:00.000Z",
                       "accountName":"opc",
                       "ad_type":"ad"
                    },
                    {
                       "id":82466,
                       "campaignId":"237134316058535",
                       "brand":"Benebone",
                       "product_sku":"BNB-812350",
                       "product_asin":"B07RHQMVKH",
                       "impressions":9,
                       "clicks":0,
                       "spend":"0.0000000000000000",
                       "orders":0,
                       "sales":"0.0000000000000000",
                       "date":"2021-08-30T07:00:00.000Z",
                       "accountName":"opc",
                       "ad_type":"ad"
                    },
                    {
                       "id":83584,
                       "campaignId":"237134316058535",
                       "brand":"Benebone",
                       "product_sku":"BNB-812350",
                       "product_asin":"B07RHQMVKH",
                       "impressions":21,
                       "clicks":1,
                       "spend":"0.8800000000000000",
                       "orders":0,
                       "sales":"0.0000000000000000",
                       "date":"2021-08-29T07:00:00.000Z",
                       "accountName":"opc",
                       "ad_type":"ad"
                    },
                    {
                       "id":84697,
                       "campaignId":"237134316058535",
                       "brand":"Benebone",
                       "product_sku":"BNB-812350",
                       "product_asin":"B07RHQMVKH",
                       "impressions":53,
                       "clicks":0,
                       "spend":"0.0000000000000000",
                       "orders":0,
                       "sales":"0.0000000000000000",
                       "date":"2021-08-28T07:00:00.000Z",
                       "accountName":"opc",
                       "ad_type":"ad"
                    },
                    {
                       "id":85813,
                       "campaignId":"237134316058535",
                       "brand":"Benebone",
                       "product_sku":"BNB-812350",
                       "product_asin":"B07RHQMVKH",
                       "impressions":39,
                       "clicks":0,
                       "spend":"0.0000000000000000",
                       "orders":0,
                       "sales":"0.0000000000000000",
                       "date":"2021-08-27T07:00:00.000Z",
                       "accountName":"opc",
                       "ad_type":"ad"
                    }
                 ],
                 "ads_origin":{
                    "ads":9,
                    "display":0
                 },
                 "included_asins":{
                    
                 },
                 "asin_wholesale":{
                    
                 },
                 "asin_units":{
                    
                 },
                 "awu":{
                    "B07RHQMVKH":{
                       "wholesale_cost":6.55,
                       "units_sold":93
                    }
                 }
              }
           },
           "B071JQ8HJK":{
              "acos":0,
              "average_cpc":0,
              "ad_clicks":0,
              "ad_impressions":0,
              "ad_orders":0,
              "ad_sales":0,
              "ad_spend":0,
              "conversion_rate":0,
              "sales":464.72,
              "units_sold":37,
              "orders":37,
              "units_per_order":1,
              "asp":12.56,
              "shipped_cogs":242.35,
              "percent_total_sales":0,
              "wholesale_cost":0,
              "asin":"B071JQ8HJK",
              "sku":"BNB-830400",
              "item_number":"830250",
              "short_product_title":"Pawplexer, Bacon, Medium",
              "meta":{
                 "sales_map":{
                    
                 },
                 "ads_arr":[
                    
                 ],
                 "ads_origin":{
                    "ads":0,
                    "display":0
                 },
                 "included_asins":{
                    
                 },
                 "asin_wholesale":{
                    
                 },
                 "asin_units":{
                    
                 },
                 "awu":{
                    "B071JQ8HJK":{
                       "wholesale_cost":6.55,
                       "units_sold":37
                    }
                 }
              }
           },
           "B07RBR1Y83":{
              "acos":0,
              "average_cpc":0,
              "ad_clicks":0,
              "ad_impressions":0,
              "ad_orders":0,
              "ad_sales":0,
              "ad_spend":0,
              "conversion_rate":0,
              "sales":640.56,
              "units_sold":51,
              "orders":39,
              "units_per_order":1.3076923076923077,
              "asp":12.559999999999999,
              "shipped_cogs":334.05,
              "percent_total_sales":0,
              "wholesale_cost":0,
              "asin":"B07RBR1Y83",
              "sku":"BNB-645400",
              "item_number":"645400",
              "short_product_title":"Tiny 2-pack, Bacon",
              "meta":{
                 "sales_map":{
                    
                 },
                 "ads_arr":[
                    
                 ],
                 "ads_origin":{
                    "ads":0,
                    "display":0
                 },
                 "included_asins":{
                    
                 },
                 "asin_wholesale":{
                    
                 },
                 "asin_units":{
                    
                 },
                 "awu":{
                    "B07RBR1Y83":{
                       "wholesale_cost":6.55,
                       "units_sold":51
                    }
                 }
              }
           },
           "B08LMCVM1S":{
              "acos":0,
              "average_cpc":0,
              "ad_clicks":0,
              "ad_impressions":0,
              "ad_orders":0,
              "ad_sales":0,
              "ad_spend":0,
              "conversion_rate":0,
              "sales":541.8000000000001,
              "units_sold":28,
              "orders":28,
              "units_per_order":1,
              "asp":19.35,
              "shipped_cogs":282.8,
              "percent_total_sales":0,
              "wholesale_cost":0,
              "asin":"B08LMCVM1S",
              "sku":"BNB-877300",
              "item_number":"877300",
              "short_product_title":"Benebone Wishbone Durable Dog Chew Toy for Aggressive Chewers, Made in USA, Giant, Real Peanut Flavor",
              "meta":{
                 "sales_map":{
                    
                 },
                 "ads_arr":[
                    
                 ],
                 "ads_origin":{
                    "ads":0,
                    "display":0
                 },
                 "included_asins":{
                    
                 },
                 "asin_wholesale":{
                    
                 },
                 "asin_units":{
                    
                 },
                 "awu":{
                    "B08LMCVM1S":{
                       "wholesale_cost":10.1,
                       "units_sold":28
                    }
                 }
              }
           },
           "B07YM1ZT2T":{
              "acos":0,
              "average_cpc":0,
              "ad_clicks":0,
              "ad_impressions":0,
              "ad_orders":0,
              "ad_sales":0,
              "ad_spend":0,
              "conversion_rate":0,
              "sales":715.9500000000003,
              "units_sold":37,
              "orders":37,
              "units_per_order":1,
              "asp":19.35000000000001,
              "shipped_cogs":373.7,
              "percent_total_sales":0,
              "wholesale_cost":0,
              "asin":"B07YM1ZT2T",
              "sku":"BNB-876300",
              "item_number":"876300",
              "short_product_title":"Dental Chew, Peanut, Giant",
              "meta":{
                 "sales_map":{
                    
                 },
                 "ads_arr":[
                    
                 ],
                 "ads_origin":{
                    "ads":0,
                    "display":0
                 },
                 "included_asins":{
                    
                 },
                 "asin_wholesale":{
                    
                 },
                 "asin_units":{
                    
                 },
                 "awu":{
                    "B07YM1ZT2T":{
                       "wholesale_cost":10.1,
                       "units_sold":37
                    }
                 }
              }
           },
           "B07YM3SFH6":{
              "acos":0,
              "average_cpc":0,
              "ad_clicks":0,
              "ad_impressions":0,
              "ad_orders":0,
              "ad_sales":0,
              "ad_spend":0,
              "conversion_rate":0,
              "sales":690.7999999999995,
              "units_sold":55,
              "orders":55,
              "units_per_order":1,
              "asp":12.559999999999992,
              "shipped_cogs":360.25,
              "percent_total_sales":0,
              "wholesale_cost":0,
              "asin":"B07YM3SFH6",
              "sku":"BNB-650400",
              "item_number":"650400",
              "short_product_title":"Puppy Pack, Maplestick/Zaggler, Bacon",
              "meta":{
                 "sales_map":{
                    
                 },
                 "ads_arr":[
                    
                 ],
                 "ads_origin":{
                    "ads":0,
                    "display":0
                 },
                 "included_asins":{
                    
                 },
                 "asin_wholesale":{
                    
                 },
                 "asin_units":{
                    
                 },
                 "awu":{
                    "B07YM3SFH6":{
                       "wholesale_cost":6.55,
                       "units_sold":55
                    }
                 }
              }
           },
           "B07YM3WK54":{
              "acos":0,
              "average_cpc":0,
              "ad_clicks":0,
              "ad_impressions":0,
              "ad_orders":0,
              "ad_sales":0,
              "ad_spend":0,
              "conversion_rate":0,
              "sales":191.16,
              "units_sold":18,
              "orders":9,
              "units_per_order":2,
              "asp":10.62,
              "shipped_cogs":99.89999999999999,
              "percent_total_sales":0,
              "wholesale_cost":0,
              "asin":"B07YM3WK54",
              "sku":"BNB-804300",
              "item_number":"804300",
              "short_product_title":"Maplestick, Puppy, Small",
              "meta":{
                 "sales_map":{
                    
                 },
                 "ads_arr":[
                    
                 ],
                 "ads_origin":{
                    "ads":0,
                    "display":0
                 },
                 "included_asins":{
                    
                 },
                 "asin_wholesale":{
                    
                 },
                 "asin_units":{
                    
                 },
                 "awu":{
                    "B07YM3WK54":{
                       "wholesale_cost":5.55,
                       "units_sold":18
                    }
                 }
              }
           },
           "B08LP2ZLKL":{
              "acos":0,
              "average_cpc":0,
              "ad_clicks":0,
              "ad_impressions":0,
              "ad_orders":0,
              "ad_sales":0,
              "ad_spend":0,
              "conversion_rate":0,
              "sales":156.69,
              "units_sold":9,
              "orders":9,
              "units_per_order":1,
              "asp":17.41,
              "shipped_cogs":81.45,
              "percent_total_sales":0,
              "wholesale_cost":0,
              "asin":"B08LP2ZLKL",
              "sku":"BNB-632250",
              "item_number":"632250",
              "short_product_title":"Benebone Zaggler Rolling Dog Chew Toy, Made in USA, Real Chicken Flavor, Large",
              "meta":{
                 "sales_map":{
                    
                 },
                 "ads_arr":[
                    
                 ],
                 "ads_origin":{
                    "ads":0,
                    "display":0
                 },
                 "included_asins":{
                    
                 },
                 "asin_wholesale":{
                    
                 },
                 "asin_units":{
                    
                 },
                 "awu":{
                    "B08LP2ZLKL":{
                       "wholesale_cost":9.05,
                       "units_sold":9
                    }
                 }
              }
           },
           "B07C55LYKR":{
              "acos":0,
              "average_cpc":0,
              "ad_clicks":0,
              "ad_impressions":0,
              "ad_orders":0,
              "ad_sales":0,
              "ad_spend":0,
              "conversion_rate":0,
              "sales":278.56,
              "units_sold":16,
              "orders":16,
              "units_per_order":1,
              "asp":17.41,
              "shipped_cogs":144.8,
              "percent_total_sales":0,
              "wholesale_cost":0,
              "asin":"B07C55LYKR",
              "sku":"BNB-892300",
              "item_number":"892300",
              "short_product_title":"Dental Chew, Chicken, Large",
              "meta":{
                 "sales_map":{
                    
                 },
                 "ads_arr":[
                    
                 ],
                 "ads_origin":{
                    "ads":0,
                    "display":0
                 },
                 "included_asins":{
                    
                 },
                 "asin_wholesale":{
                    
                 },
                 "asin_units":{
                    
                 },
                 "awu":{
                    "B07C55LYKR":{
                       "wholesale_cost":9.05,
                       "units_sold":16
                    }
                 }
              }
           },
           "B08LP4SRJX":{
              "acos":0,
              "average_cpc":0,
              "ad_clicks":0,
              "ad_impressions":0,
              "ad_orders":0,
              "ad_sales":0,
              "ad_spend":0,
              "conversion_rate":0,
              "sales":139.28,
              "units_sold":8,
              "orders":8,
              "units_per_order":1,
              "asp":17.41,
              "shipped_cogs":72.4,
              "percent_total_sales":0,
              "wholesale_cost":0,
              "asin":"B08LP4SRJX",
              "sku":"BNB-631250",
              "item_number":"631250",
              "short_product_title":"Benebone Zaggler Rolling Dog Chew Toy, Made in USA, Real Peanut Flavor, Large",
              "meta":{
                 "sales_map":{
                    
                 },
                 "ads_arr":[
                    
                 ],
                 "ads_origin":{
                    "ads":0,
                    "display":0
                 },
                 "included_asins":{
                    
                 },
                 "asin_wholesale":{
                    
                 },
                 "asin_units":{
                    
                 },
                 "awu":{
                    "B08LP4SRJX":{
                       "wholesale_cost":9.05,
                       "units_sold":8
                    }
                 }
              }
           },
           "B075Z97QXV":{
              "acos":0,
              "average_cpc":0,
              "ad_clicks":0,
              "ad_impressions":0,
              "ad_orders":0,
              "ad_sales":0,
              "ad_spend":0,
              "conversion_rate":0,
              "sales":116.82000000000001,
              "units_sold":11,
              "orders":11,
              "units_per_order":1,
              "asp":10.620000000000001,
              "shipped_cogs":61.05,
              "percent_total_sales":0,
              "wholesale_cost":0,
              "asin":"B075Z97QXV",
              "sku":"BNB-811300",
              "item_number":"811300",
              "short_product_title":"Bacon Stick, Small",
              "meta":{
                 "sales_map":{
                    
                 },
                 "ads_arr":[
                    
                 ],
                 "ads_origin":{
                    "ads":0,
                    "display":0
                 },
                 "included_asins":{
                    
                 },
                 "asin_wholesale":{
                    
                 },
                 "asin_units":{
                    
                 },
                 "awu":{
                    "B075Z97QXV":{
                       "wholesale_cost":5.55,
                       "units_sold":11
                    }
                 }
              }
           },
           "B08LP499SR":{
              "acos":0,
              "average_cpc":0,
              "ad_clicks":0,
              "ad_impressions":0,
              "ad_orders":0,
              "ad_sales":0,
              "ad_spend":0,
              "conversion_rate":0,
              "sales":417.2399999999998,
              "units_sold":36,
              "orders":30,
              "units_per_order":1.2,
              "asp":11.589999999999995,
              "shipped_cogs":217.79999999999998,
              "percent_total_sales":0,
              "wholesale_cost":0,
              "asin":"B08LP499SR",
              "sku":"BNB-622400",
              "item_number":"622400",
              "short_product_title":"Benebone Zaggler Rolling Dog Chew Toy, Made in USA, Real Chicken Flavor, Medium",
              "meta":{
                 "sales_map":{
                    
                 },
                 "ads_arr":[
                    
                 ],
                 "ads_origin":{
                    "ads":0,
                    "display":0
                 },
                 "included_asins":{
                    
                 },
                 "asin_wholesale":{
                    
                 },
                 "asin_units":{
                    
                 },
                 "awu":{
                    "B08LP499SR":{
                       "wholesale_cost":6.05,
                       "units_sold":36
                    }
                 }
              }
           },
           "B07F6SCXCV":{
              "acos":0,
              "average_cpc":0,
              "ad_clicks":0,
              "ad_impressions":0,
              "ad_orders":0,
              "ad_sales":0,
              "ad_spend":0,
              "conversion_rate":0,
              "sales":955.8000000000002,
              "units_sold":90,
              "orders":80,
              "units_per_order":1.125,
              "asp":10.620000000000003,
              "shipped_cogs":454.5,
              "percent_total_sales":0,
              "wholesale_cost":0,
              "asin":"B07F6SCXCV",
              "sku":"BNB-801300",
              "item_number":"801300",
              "short_product_title":"Maplestick, Small",
              "meta":{
                 "sales_map":{
                    
                 },
                 "ads_arr":[
                    
                 ],
                 "ads_origin":{
                    "ads":0,
                    "display":0
                 },
                 "included_asins":{
                    
                 },
                 "asin_wholesale":{
                    
                 },
                 "asin_units":{
                    
                 },
                 "awu":{
                    "B07F6SCXCV":{
                       "wholesale_cost":5.05,
                       "units_sold":90
                    }
                 }
              }
           },
           "B07RHQNQK9":{
              "acos":0,
              "average_cpc":0,
              "ad_clicks":0,
              "ad_impressions":0,
              "ad_orders":0,
              "ad_sales":0,
              "ad_spend":0,
              "conversion_rate":0,
              "sales":69.64,
              "units_sold":4,
              "orders":4,
              "units_per_order":1,
              "asp":17.41,
              "shipped_cogs":36.2,
              "percent_total_sales":0,
              "wholesale_cost":0,
              "asin":"B07RHQNQK9",
              "sku":"BNB-813300",
              "item_number":"813300",
              "short_product_title":"Bacon Stick, Large",
              "meta":{
                 "sales_map":{
                    
                 },
                 "ads_arr":[
                    
                 ],
                 "ads_origin":{
                    "ads":0,
                    "display":0
                 },
                 "included_asins":{
                    
                 },
                 "asin_wholesale":{
                    
                 },
                 "asin_units":{
                    
                 },
                 "awu":{
                    "B07RHQNQK9":{
                       "wholesale_cost":9.05,
                       "units_sold":4
                    }
                 }
              }
           },
           "B07CQNMXN1":{
              "acos":0,
              "average_cpc":0,
              "ad_clicks":0,
              "ad_impressions":0,
              "ad_orders":0,
              "ad_sales":0,
              "ad_spend":0,
              "conversion_rate":0,
              "sales":69.64,
              "units_sold":4,
              "orders":4,
              "units_per_order":1,
              "asp":17.41,
              "shipped_cogs":36.2,
              "percent_total_sales":0,
              "wholesale_cost":0,
              "asin":"B07CQNMXN1",
              "sku":"BNB-891300",
              "item_number":"891300",
              "short_product_title":"Dental Chew, Peanut, Large",
              "meta":{
                 "sales_map":{
                    
                 },
                 "ads_arr":[
                    
                 ],
                 "ads_origin":{
                    "ads":0,
                    "display":0
                 },
                 "included_asins":{
                    
                 },
                 "asin_wholesale":{
                    
                 },
                 "asin_units":{
                    
                 },
                 "awu":{
                    "B07CQNMXN1":{
                       "wholesale_cost":9.05,
                       "units_sold":4
                    }
                 }
              }
           },
           "B08LP192CF":{
              "acos":0,
              "average_cpc":0,
              "ad_clicks":0,
              "ad_impressions":0,
              "ad_orders":0,
              "ad_sales":0,
              "ad_spend":0,
              "conversion_rate":0,
              "sales":185.44000000000003,
              "units_sold":16,
              "orders":16,
              "units_per_order":1,
              "asp":11.590000000000002,
              "shipped_cogs":96.8,
              "percent_total_sales":0,
              "wholesale_cost":0,
              "asin":"B08LP192CF",
              "sku":"BNB-621400",
              "item_number":"621400",
              "short_product_title":"Benebone Zaggler Rolling Dog Chew Toy, Made in USA, Real Peanut Flavor, Medium",
              "meta":{
                 "sales_map":{
                    
                 },
                 "ads_arr":[
                    
                 ],
                 "ads_origin":{
                    "ads":0,
                    "display":0
                 },
                 "included_asins":{
                    
                 },
                 "asin_wholesale":{
                    
                 },
                 "asin_units":{
                    
                 },
                 "awu":{
                    "B08LP192CF":{
                       "wholesale_cost":6.05,
                       "units_sold":16
                    }
                 }
              }
           },
           "B07YM49H5W":{
              "acos":0,
              "average_cpc":0,
              "ad_clicks":0,
              "ad_impressions":0,
              "ad_orders":0,
              "ad_sales":0,
              "ad_spend":0,
              "conversion_rate":0,
              "sales":67.55,
              "units_sold":7,
              "orders":7,
              "units_per_order":1,
              "asp":9.65,
              "shipped_cogs":35.35,
              "percent_total_sales":0,
              "wholesale_cost":0,
              "asin":"B07YM49H5W",
              "sku":"BNB-829500",
              "item_number":"829500",
              "short_product_title":"Puppy Wishbone, Bacon, Small",
              "meta":{
                 "sales_map":{
                    
                 },
                 "ads_arr":[
                    
                 ],
                 "ads_origin":{
                    "ads":0,
                    "display":0
                 },
                 "included_asins":{
                    
                 },
                 "asin_wholesale":{
                    
                 },
                 "asin_units":{
                    
                 },
                 "awu":{
                    "B07YM49H5W":{
                       "wholesale_cost":5.05,
                       "units_sold":7
                    }
                 }
              }
           }
        },
        "period":{
           "start":"2021-08-01T00:00:00Z",
           "end":"2021-08-31T23:59:59Z"
        }
     },
     {
        "summary":{
           "acos":2.261640798226164,
           "ad_clicks":1,
           "ad_impressions":180,
           "ad_orders":2,
           "ad_sales":22.55,
           "ad_spend":0.51,
           "average_cpc":0.51,
           "conversion_rate":200,
           "percent_total_sales":0.022845749652121543,
           "sales":98705.45,
           "shipped_cogs":52133.9,
           "units_sold":5943,
           "orders":5344,
           "asp":16.60869089685344,
           "sku":"N/A",
           "item_number":"N/A",
           "asin":"N/A",
           "meta":{
              "brand_lvl":{
                 "clicks":0,
                 "impressions":0,
                 "sales":0,
                 "spend":0
              }
           },
           "units_per_order":1.1120883233532934
        },
        "itemized":{
           "B07YM1ZT2T":{
              "acos":0,
              "average_cpc":0,
              "ad_clicks":0,
              "ad_impressions":0,
              "ad_orders":0,
              "ad_sales":0,
              "ad_spend":0,
              "conversion_rate":0,
              "sales":1141.6500000000003,
              "units_sold":59,
              "orders":59,
              "units_per_order":1,
              "asp":19.350000000000005,
              "shipped_cogs":595.9,
              "percent_total_sales":0,
              "wholesale_cost":0,
              "asin":"B07YM1ZT2T",
              "sku":"BNB-876300",
              "item_number":"876300",
              "short_product_title":"Dental Chew, Peanut, Giant",
              "meta":{
                 "sales_map":{
                    
                 },
                 "ads_arr":[
                    
                 ],
                 "ads_origin":{
                    "ads":0,
                    "display":0
                 },
                 "included_asins":{
                    
                 },
                 "asin_wholesale":{
                    
                 },
                 "asin_units":{
                    
                 },
                 "awu":{
                    "B07YM1ZT2T":{
                       "wholesale_cost":10.1,
                       "units_sold":59
                    }
                 }
              }
           },
           "B0825TLBZD":{
              "acos":0,
              "average_cpc":0,
              "ad_clicks":0,
              "ad_impressions":0,
              "ad_orders":0,
              "ad_sales":0,
              "ad_spend":0,
              "conversion_rate":0,
              "sales":9130.100000000002,
              "units_sold":472,
              "orders":431,
              "units_per_order":1.0951276102088168,
              "asp":19.343432203389835,
              "shipped_cogs":5900,
              "percent_total_sales":0,
              "wholesale_cost":0,
              "asin":"B0825TLBZD",
              "sku":"Lumabone3PK",
              "item_number":"Lumabone3PK",
              "short_product_title":"Lumabone 3 pack",
              "meta":{
                 "sales_map":{
                    
                 },
                 "ads_arr":[
                    
                 ],
                 "ads_origin":{
                    "ads":0,
                    "display":0
                 },
                 "included_asins":{
                    
                 },
                 "asin_wholesale":{
                    
                 },
                 "asin_units":{
                    
                 },
                 "awu":{
                    "B0825TLBZD":{
                       "wholesale_cost":12.5,
                       "units_sold":472
                    }
                 }
              }
           },
           "B07XD4M51J":{
              "acos":0,
              "average_cpc":0,
              "ad_clicks":0,
              "ad_impressions":0,
              "ad_orders":0,
              "ad_sales":0,
              "ad_spend":0,
              "conversion_rate":0,
              "sales":24844.070000000003,
              "units_sold":1427,
              "orders":1295,
              "units_per_order":1.101930501930502,
              "asp":17.410000000000004,
              "shipped_cogs":12914.35,
              "percent_total_sales":0,
              "wholesale_cost":0,
              "asin":"B07XD4M51J",
              "sku":"BNB-630250",
              "item_number":"630250",
              "short_product_title":"Zaggler, Bacon, Large",
              "meta":{
                 "sales_map":{
                    
                 },
                 "ads_arr":[
                    
                 ],
                 "ads_origin":{
                    "ads":0,
                    "display":0
                 },
                 "included_asins":{
                    
                 },
                 "asin_wholesale":{
                    
                 },
                 "asin_units":{
                    
                 },
                 "awu":{
                    "B07XD4M51J":{
                       "wholesale_cost":9.05,
                       "units_sold":1427
                    }
                 }
              }
           },
           "B071JQ8HJK":{
              "acos":0,
              "average_cpc":0,
              "ad_clicks":0,
              "ad_impressions":0,
              "ad_orders":0,
              "ad_sales":0,
              "ad_spend":0,
              "conversion_rate":0,
              "sales":1067.5999999999995,
              "units_sold":85,
              "orders":81,
              "units_per_order":1.0493827160493827,
              "asp":12.559999999999993,
              "shipped_cogs":556.75,
              "percent_total_sales":0,
              "wholesale_cost":0,
              "asin":"B071JQ8HJK",
              "sku":"BNB-830400",
              "item_number":"830250",
              "short_product_title":"Pawplexer, Bacon, Medium",
              "meta":{
                 "sales_map":{
                    
                 },
                 "ads_arr":[
                    
                 ],
                 "ads_origin":{
                    "ads":0,
                    "display":0
                 },
                 "included_asins":{
                    
                 },
                 "asin_wholesale":{
                    
                 },
                 "asin_units":{
                    
                 },
                 "awu":{
                    "B071JQ8HJK":{
                       "wholesale_cost":6.55,
                       "units_sold":85
                    }
                 }
              }
           },
           "B08LP192CF":{
              "acos":0,
              "average_cpc":0,
              "ad_clicks":0,
              "ad_impressions":0,
              "ad_orders":0,
              "ad_sales":0,
              "ad_spend":0,
              "conversion_rate":0,
              "sales":486.78,
              "units_sold":42,
              "orders":39,
              "units_per_order":1.0769230769230769,
              "asp":11.59,
              "shipped_cogs":254.1,
              "percent_total_sales":0,
              "wholesale_cost":0,
              "asin":"B08LP192CF",
              "sku":"BNB-621400",
              "item_number":"621400",
              "short_product_title":"Benebone Zaggler Rolling Dog Chew Toy, Made in USA, Real Peanut Flavor, Medium",
              "meta":{
                 "sales_map":{
                    
                 },
                 "ads_arr":[
                    
                 ],
                 "ads_origin":{
                    "ads":0,
                    "display":0
                 },
                 "included_asins":{
                    
                 },
                 "asin_wholesale":{
                    
                 },
                 "asin_units":{
                    
                 },
                 "awu":{
                    "B08LP192CF":{
                       "wholesale_cost":6.05,
                       "units_sold":42
                    }
                 }
              }
           },
           "B08LP44V4B":{
              "acos":0,
              "average_cpc":0,
              "ad_clicks":0,
              "ad_impressions":0,
              "ad_orders":0,
              "ad_sales":0,
              "ad_spend":0,
              "conversion_rate":0,
              "sales":8320.499999999998,
              "units_sold":430,
              "orders":400,
              "units_per_order":1.075,
              "asp":19.349999999999994,
              "shipped_cogs":4343,
              "percent_total_sales":0,
              "wholesale_cost":0,
              "asin":"B08LP44V4B",
              "sku":"BNB-636250",
              "item_number":"636250",
              "short_product_title":"Benebone Zaggler Rolling Dog Chew Toy, Made in USA, Real Peanut Flavor, Giant",
              "meta":{
                 "sales_map":{
                    
                 },
                 "ads_arr":[
                    
                 ],
                 "ads_origin":{
                    "ads":0,
                    "display":0
                 },
                 "included_asins":{
                    
                 },
                 "asin_wholesale":{
                    
                 },
                 "asin_units":{
                    
                 },
                 "awu":{
                    "B08LP44V4B":{
                       "wholesale_cost":10.1,
                       "units_sold":430
                    }
                 }
              }
           },
           "B07R4PXC7B":{
              "acos":2.261640798226164,
              "average_cpc":0.51,
              "ad_clicks":1,
              "ad_impressions":154,
              "ad_orders":2,
              "ad_sales":22.55,
              "ad_spend":0.51,
              "conversion_rate":200,
              "sales":1708.1599999999958,
              "units_sold":136,
              "orders":129,
              "units_per_order":1.054263565891473,
              "asp":12.559999999999969,
              "shipped_cogs":890.8,
              "percent_total_sales":1.3201339452978678,
              "wholesale_cost":0,
              "asin":"B07R4PXC7B",
              "sku":"BNB-640400",
              "item_number":"640400",
              "short_product_title":"Puppy Pack, Bacon",
              "meta":{
                 "sales_map":{
                    
                 },
                 "ads_arr":[
                    {
                       "id":6545,
                       "campaignId":"121293626842389",
                       "brand":"Benebone",
                       "product_sku":"BNB-640400",
                       "product_asin":"B07R4PXC7B",
                       "impressions":39,
                       "clicks":0,
                       "spend":"0.0000000000000000",
                       "orders":0,
                       "sales":"0.0000000000000000",
                       "date":"2021-07-30T07:00:00.000Z",
                       "accountName":"opc",
                       "ad_type":"ad"
                    },
                    {
                       "id":7697,
                       "campaignId":"121293626842389",
                       "brand":"Benebone",
                       "product_sku":"BNB-640400",
                       "product_asin":"B07R4PXC7B",
                       "impressions":9,
                       "clicks":1,
                       "spend":"0.5100000000000000",
                       "orders":2,
                       "sales":"22.5500000000000000",
                       "date":"2021-07-29T07:00:00.000Z",
                       "accountName":"opc",
                       "ad_type":"ad"
                    },
                    {
                       "id":8851,
                       "campaignId":"121293626842389",
                       "brand":"Benebone",
                       "product_sku":"BNB-640400",
                       "product_asin":"B07R4PXC7B",
                       "impressions":89,
                       "clicks":0,
                       "spend":"0.0000000000000000",
                       "orders":0,
                       "sales":"0.0000000000000000",
                       "date":"2021-07-28T07:00:00.000Z",
                       "accountName":"opc",
                       "ad_type":"ad"
                    },
                    {
                       "id":11166,
                       "campaignId":"121293626842389",
                       "brand":"Benebone",
                       "product_sku":"BNB-640400",
                       "product_asin":"B07R4PXC7B",
                       "impressions":17,
                       "clicks":0,
                       "spend":"0.0000000000000000",
                       "orders":0,
                       "sales":"0.0000000000000000",
                       "date":"2021-07-26T07:00:00.000Z",
                       "accountName":"opc",
                       "ad_type":"ad"
                    }
                 ],
                 "ads_origin":{
                    "ads":4,
                    "display":0
                 },
                 "included_asins":{
                    
                 },
                 "asin_wholesale":{
                    
                 },
                 "asin_units":{
                    
                 },
                 "awu":{
                    "B07R4PXC7B":{
                       "wholesale_cost":6.55,
                       "units_sold":136
                    }
                 }
              }
           },
           "B07F6VB2KW":{
              "acos":0,
              "average_cpc":0,
              "ad_clicks":0,
              "ad_impressions":0,
              "ad_orders":0,
              "ad_sales":0,
              "ad_spend":0,
              "conversion_rate":0,
              "sales":414.48,
              "units_sold":33,
              "orders":33,
              "units_per_order":1,
              "asp":12.56,
              "shipped_cogs":199.65,
              "percent_total_sales":0,
              "wholesale_cost":0,
              "asin":"B07F6VB2KW",
              "sku":"BNB-802350",
              "item_number":"802350",
              "short_product_title":"Maplestick, Medium",
              "meta":{
                 "sales_map":{
                    
                 },
                 "ads_arr":[
                    
                 ],
                 "ads_origin":{
                    "ads":0,
                    "display":0
                 },
                 "included_asins":{
                    
                 },
                 "asin_wholesale":{
                    
                 },
                 "asin_units":{
                    
                 },
                 "awu":{
                    "B07F6VB2KW":{
                       "wholesale_cost":6.05,
                       "units_sold":33
                    }
                 }
              }
           },
           "B014JXJ2S4":{
              "acos":0,
              "average_cpc":0,
              "ad_clicks":0,
              "ad_impressions":0,
              "ad_orders":0,
              "ad_sales":0,
              "ad_spend":0,
              "conversion_rate":0,
              "sales":951.2499999999995,
              "units_sold":88,
              "orders":74,
              "units_per_order":1.1891891891891893,
              "asp":10.809659090909086,
              "shipped_cogs":576.4,
              "percent_total_sales":0,
              "wholesale_cost":0,
              "asin":"B014JXJ2S4",
              "sku":"BNB-860350",
              "item_number":"860350",
              "short_product_title":"Dental Chew, Bacon, Medium",
              "meta":{
                 "sales_map":{
                    
                 },
                 "ads_arr":[
                    
                 ],
                 "ads_origin":{
                    "ads":0,
                    "display":0
                 },
                 "included_asins":{
                    
                 },
                 "asin_wholesale":{
                    
                 },
                 "asin_units":{
                    
                 },
                 "awu":{
                    "B014JXJ2S4":{
                       "wholesale_cost":6.55,
                       "units_sold":88
                    }
                 }
              }
           },
           "B07YM3WK54":{
              "acos":0,
              "average_cpc":0,
              "ad_clicks":0,
              "ad_impressions":0,
              "ad_orders":0,
              "ad_sales":0,
              "ad_spend":0,
              "conversion_rate":0,
              "sales":191.16000000000003,
              "units_sold":18,
              "orders":18,
              "units_per_order":1,
              "asp":10.620000000000001,
              "shipped_cogs":99.89999999999999,
              "percent_total_sales":0,
              "wholesale_cost":0,
              "asin":"B07YM3WK54",
              "sku":"BNB-804300",
              "item_number":"804300",
              "short_product_title":"Maplestick, Puppy, Small",
              "meta":{
                 "sales_map":{
                    
                 },
                 "ads_arr":[
                    
                 ],
                 "ads_origin":{
                    "ads":0,
                    "display":0
                 },
                 "included_asins":{
                    
                 },
                 "asin_wholesale":{
                    
                 },
                 "asin_units":{
                    
                 },
                 "awu":{
                    "B07YM3WK54":{
                       "wholesale_cost":5.55,
                       "units_sold":18
                    }
                 }
              }
           },
           "B07YM3SFH6":{
              "acos":0,
              "average_cpc":0,
              "ad_clicks":0,
              "ad_impressions":0,
              "ad_orders":0,
              "ad_sales":0,
              "ad_spend":0,
              "conversion_rate":0,
              "sales":477.28000000000003,
              "units_sold":38,
              "orders":38,
              "units_per_order":1,
              "asp":12.56,
              "shipped_cogs":248.9,
              "percent_total_sales":0,
              "wholesale_cost":0,
              "asin":"B07YM3SFH6",
              "sku":"BNB-650400",
              "item_number":"650400",
              "short_product_title":"Puppy Pack, Maplestick/Zaggler, Bacon",
              "meta":{
                 "sales_map":{
                    
                 },
                 "ads_arr":[
                    
                 ],
                 "ads_origin":{
                    "ads":0,
                    "display":0
                 },
                 "included_asins":{
                    
                 },
                 "asin_wholesale":{
                    
                 },
                 "asin_units":{
                    
                 },
                 "awu":{
                    "B07YM3SFH6":{
                       "wholesale_cost":6.55,
                       "units_sold":38
                    }
                 }
              }
           },
           "B07YM3XSZV":{
              "acos":0,
              "average_cpc":0,
              "ad_clicks":0,
              "ad_impressions":0,
              "ad_orders":0,
              "ad_sales":0,
              "ad_spend":0,
              "conversion_rate":0,
              "sales":213.52,
              "units_sold":17,
              "orders":17,
              "units_per_order":1,
              "asp":12.56,
              "shipped_cogs":111.35,
              "percent_total_sales":0,
              "wholesale_cost":0,
              "asin":"B07YM3XSZV",
              "sku":"BNB-655400",
              "item_number":"655400",
              "short_product_title":"Tiny 2-Pack, Maplestick/Zaggler, Bacon",
              "meta":{
                 "sales_map":{
                    
                 },
                 "ads_arr":[
                    
                 ],
                 "ads_origin":{
                    "ads":0,
                    "display":0
                 },
                 "included_asins":{
                    
                 },
                 "asin_wholesale":{
                    
                 },
                 "asin_units":{
                    
                 },
                 "awu":{
                    "B07YM3XSZV":{
                       "wholesale_cost":6.55,
                       "units_sold":17
                    }
                 }
              }
           },
           "B075ZGCSD9":{
              "acos":0,
              "average_cpc":0,
              "ad_clicks":0,
              "ad_impressions":0,
              "ad_orders":0,
              "ad_sales":0,
              "ad_spend":0,
              "conversion_rate":0,
              "sales":4787.749999999999,
              "units_sold":275,
              "orders":233,
              "units_per_order":1.1802575107296138,
              "asp":17.409999999999997,
              "shipped_cogs":2488.75,
              "percent_total_sales":0,
              "wholesale_cost":0,
              "asin":"B075ZGCSD9",
              "sku":"BNB-850350",
              "item_number":"850350",
              "short_product_title":"Pawplexer, Bacon, Large",
              "meta":{
                 "sales_map":{
                    
                 },
                 "ads_arr":[
                    
                 ],
                 "ads_origin":{
                    "ads":0,
                    "display":0
                 },
                 "included_asins":{
                    
                 },
                 "asin_wholesale":{
                    
                 },
                 "asin_units":{
                    
                 },
                 "awu":{
                    "B075ZGCSD9":{
                       "wholesale_cost":9.05,
                       "units_sold":275
                    }
                 }
              }
           },
           "B07F6WYYJ5":{
              "acos":0,
              "average_cpc":0,
              "ad_clicks":0,
              "ad_impressions":0,
              "ad_orders":0,
              "ad_sales":0,
              "ad_spend":0,
              "conversion_rate":0,
              "sales":1201.2900000000004,
              "units_sold":69,
              "orders":69,
              "units_per_order":1,
              "asp":17.410000000000007,
              "shipped_cogs":624.45,
              "percent_total_sales":0,
              "wholesale_cost":0,
              "asin":"B07F6WYYJ5",
              "sku":"BNB-803300",
              "item_number":"803300",
              "short_product_title":"Maplestick, Large",
              "meta":{
                 "sales_map":{
                    
                 },
                 "ads_arr":[
                    
                 ],
                 "ads_origin":{
                    "ads":0,
                    "display":0
                 },
                 "included_asins":{
                    
                 },
                 "asin_wholesale":{
                    
                 },
                 "asin_units":{
                    
                 },
                 "awu":{
                    "B07F6WYYJ5":{
                       "wholesale_cost":9.05,
                       "units_sold":69
                    }
                 }
              }
           },
           "B07C55LYKR":{
              "acos":0,
              "average_cpc":0,
              "ad_clicks":0,
              "ad_impressions":0,
              "ad_orders":0,
              "ad_sales":0,
              "ad_spend":0,
              "conversion_rate":0,
              "sales":13788.720000000001,
              "units_sold":792,
              "orders":662,
              "units_per_order":1.1963746223564955,
              "asp":17.41,
              "shipped_cogs":7167.6,
              "percent_total_sales":0,
              "wholesale_cost":0,
              "asin":"B07C55LYKR",
              "sku":"BNB-892300",
              "item_number":"892300",
              "short_product_title":"Dental Chew, Chicken, Large",
              "meta":{
                 "sales_map":{
                    
                 },
                 "ads_arr":[
                    
                 ],
                 "ads_origin":{
                    "ads":0,
                    "display":0
                 },
                 "included_asins":{
                    
                 },
                 "asin_wholesale":{
                    
                 },
                 "asin_units":{
                    
                 },
                 "awu":{
                    "B07C55LYKR":{
                       "wholesale_cost":9.05,
                       "units_sold":792
                    }
                 }
              }
           },
           "B07RHQMVKH":{
              "acos":0,
              "average_cpc":0,
              "ad_clicks":0,
              "ad_impressions":26,
              "ad_orders":0,
              "ad_sales":0,
              "ad_spend":0,
              "conversion_rate":0,
              "sales":753.599999999999,
              "units_sold":60,
              "orders":60,
              "units_per_order":1,
              "asp":12.559999999999983,
              "shipped_cogs":393,
              "percent_total_sales":0,
              "wholesale_cost":0,
              "asin":"B07RHQMVKH",
              "sku":"BNB-812350",
              "item_number":"812350",
              "short_product_title":"Bacon Stick, Medium",
              "meta":{
                 "sales_map":{
                    
                 },
                 "ads_arr":[
                    {
                       "id":8140,
                       "campaignId":"237134316058535",
                       "brand":"Benebone",
                       "product_sku":"BNB-812350",
                       "product_asin":"B07RHQMVKH",
                       "impressions":17,
                       "clicks":0,
                       "spend":"0.0000000000000000",
                       "orders":0,
                       "sales":"0.0000000000000000",
                       "date":"2021-07-28T07:00:00.000Z",
                       "accountName":"opc",
                       "ad_type":"ad"
                    },
                    {
                       "id":47718,
                       "campaignId":"237134316058535",
                       "brand":"Benebone",
                       "product_sku":"BNB-812350",
                       "product_asin":"B07RHQMVKH",
                       "impressions":9,
                       "clicks":0,
                       "spend":"0.0000000000000000",
                       "orders":0,
                       "sales":"0.0000000000000000",
                       "date":"2021-07-14T07:00:00.000Z",
                       "accountName":"opc",
                       "ad_type":"ad"
                    }
                 ],
                 "ads_origin":{
                    "ads":2,
                    "display":0
                 },
                 "included_asins":{
                    
                 },
                 "asin_wholesale":{
                    
                 },
                 "asin_units":{
                    
                 },
                 "awu":{
                    "B07RHQMVKH":{
                       "wholesale_cost":6.55,
                       "units_sold":60
                    }
                 }
              }
           },
           "B07RHQNQK9":{
              "acos":0,
              "average_cpc":0,
              "ad_clicks":0,
              "ad_impressions":0,
              "ad_orders":0,
              "ad_sales":0,
              "ad_spend":0,
              "conversion_rate":0,
              "sales":12378.510000000004,
              "units_sold":711,
              "orders":620,
              "units_per_order":1.146774193548387,
              "asp":17.410000000000004,
              "shipped_cogs":6434.55,
              "percent_total_sales":0,
              "wholesale_cost":0,
              "asin":"B07RHQNQK9",
              "sku":"BNB-813300",
              "item_number":"813300",
              "short_product_title":"Bacon Stick, Large",
              "meta":{
                 "sales_map":{
                    
                 },
                 "ads_arr":[
                    
                 ],
                 "ads_origin":{
                    "ads":0,
                    "display":0
                 },
                 "included_asins":{
                    
                 },
                 "asin_wholesale":{
                    
                 },
                 "asin_units":{
                    
                 },
                 "awu":{
                    "B07RHQNQK9":{
                       "wholesale_cost":9.05,
                       "units_sold":711
                    }
                 }
              }
           },
           "B08LP2ZLKL":{
              "acos":0,
              "average_cpc":0,
              "ad_clicks":0,
              "ad_impressions":0,
              "ad_orders":0,
              "ad_sales":0,
              "ad_spend":0,
              "conversion_rate":0,
              "sales":4648.469999999998,
              "units_sold":267,
              "orders":246,
              "units_per_order":1.0853658536585367,
              "asp":17.409999999999993,
              "shipped_cogs":2416.3500000000004,
              "percent_total_sales":0,
              "wholesale_cost":0,
              "asin":"B08LP2ZLKL",
              "sku":"BNB-632250",
              "item_number":"632250",
              "short_product_title":"Benebone Zaggler Rolling Dog Chew Toy, Made in USA, Real Chicken Flavor, Large",
              "meta":{
                 "sales_map":{
                    
                 },
                 "ads_arr":[
                    
                 ],
                 "ads_origin":{
                    "ads":0,
                    "display":0
                 },
                 "included_asins":{
                    
                 },
                 "asin_wholesale":{
                    
                 },
                 "asin_units":{
                    
                 },
                 "awu":{
                    "B08LP2ZLKL":{
                       "wholesale_cost":9.05,
                       "units_sold":267
                    }
                 }
              }
           },
           "B08CM4TBYT":{
              "acos":0,
              "average_cpc":0,
              "ad_clicks":0,
              "ad_impressions":0,
              "ad_orders":0,
              "ad_sales":0,
              "ad_spend":0,
              "conversion_rate":0,
              "sales":7897.920000000001,
              "units_sold":608,
              "orders":534,
              "units_per_order":1.1385767790262171,
              "asp":12.990000000000002,
              "shipped_cogs":3678.4,
              "percent_total_sales":0,
              "wholesale_cost":0,
              "asin":"B08CM4TBYT",
              "sku":"BNB-809600",
              "item_number":"809600",
              "short_product_title":"Benebone Puppy Wishbone Dog Chew Toy, Made in USA, Real Bacon Flavor, Medium (Medium - Wishbone)",
              "meta":{
                 "sales_map":{
                    
                 },
                 "ads_arr":[
                    
                 ],
                 "ads_origin":{
                    "ads":0,
                    "display":0
                 },
                 "included_asins":{
                    
                 },
                 "asin_wholesale":{
                    
                 },
                 "asin_units":{
                    
                 },
                 "awu":{
                    "B08CM4TBYT":{
                       "wholesale_cost":6.05,
                       "units_sold":608
                    }
                 }
              }
           },
           "B07RBR1Y83":{
              "acos":0,
              "average_cpc":0,
              "ad_clicks":0,
              "ad_impressions":0,
              "ad_orders":0,
              "ad_sales":0,
              "ad_spend":0,
              "conversion_rate":0,
              "sales":427.04,
              "units_sold":34,
              "orders":34,
              "units_per_order":1,
              "asp":12.56,
              "shipped_cogs":222.7,
              "percent_total_sales":0,
              "wholesale_cost":0,
              "asin":"B07RBR1Y83",
              "sku":"BNB-645400",
              "item_number":"645400",
              "short_product_title":"Tiny 2-pack, Bacon",
              "meta":{
                 "sales_map":{
                    
                 },
                 "ads_arr":[
                    
                 ],
                 "ads_origin":{
                    "ads":0,
                    "display":0
                 },
                 "included_asins":{
                    
                 },
                 "asin_wholesale":{
                    
                 },
                 "asin_units":{
                    
                 },
                 "awu":{
                    "B07RBR1Y83":{
                       "wholesale_cost":6.55,
                       "units_sold":34
                    }
                 }
              }
           },
           "B07XF7CHPC":{
              "acos":0,
              "average_cpc":0,
              "ad_clicks":0,
              "ad_impressions":0,
              "ad_orders":0,
              "ad_sales":0,
              "ad_spend":0,
              "conversion_rate":0,
              "sales":212.30000000000004,
              "units_sold":22,
              "orders":22,
              "units_per_order":1,
              "asp":9.650000000000002,
              "shipped_cogs":111.1,
              "percent_total_sales":0,
              "wholesale_cost":0,
              "asin":"B07XF7CHPC",
              "sku":"BNB-610300",
              "item_number":"610300",
              "short_product_title":"Zaggler, Bacon, Small",
              "meta":{
                 "sales_map":{
                    
                 },
                 "ads_arr":[
                    
                 ],
                 "ads_origin":{
                    "ads":0,
                    "display":0
                 },
                 "included_asins":{
                    
                 },
                 "asin_wholesale":{
                    
                 },
                 "asin_units":{
                    
                 },
                 "awu":{
                    "B07XF7CHPC":{
                       "wholesale_cost":5.05,
                       "units_sold":22
                    }
                 }
              }
           },
           "B08LMCVM1S":{
              "acos":0,
              "average_cpc":0,
              "ad_clicks":0,
              "ad_impressions":0,
              "ad_orders":0,
              "ad_sales":0,
              "ad_spend":0,
              "conversion_rate":0,
              "sales":154.79999999999998,
              "units_sold":8,
              "orders":8,
              "units_per_order":1,
              "asp":19.349999999999998,
              "shipped_cogs":80.8,
              "percent_total_sales":0,
              "wholesale_cost":0,
              "asin":"B08LMCVM1S",
              "sku":"BNB-877300",
              "item_number":"877300",
              "short_product_title":"Benebone Wishbone Durable Dog Chew Toy for Aggressive Chewers, Made in USA, Giant, Real Peanut Flavor",
              "meta":{
                 "sales_map":{
                    
                 },
                 "ads_arr":[
                    
                 ],
                 "ads_origin":{
                    "ads":0,
                    "display":0
                 },
                 "included_asins":{
                    
                 },
                 "asin_wholesale":{
                    
                 },
                 "asin_units":{
                    
                 },
                 "awu":{
                    "B08LMCVM1S":{
                       "wholesale_cost":10.1,
                       "units_sold":8
                    }
                 }
              }
           },
           "B07C4JT4R9":{
              "acos":0,
              "average_cpc":0,
              "ad_clicks":0,
              "ad_impressions":0,
              "ad_orders":0,
              "ad_sales":0,
              "ad_spend":0,
              "conversion_rate":0,
              "sales":361.0800000000001,
              "units_sold":34,
              "orders":34,
              "units_per_order":1,
              "asp":10.620000000000003,
              "shipped_cogs":188.7,
              "percent_total_sales":0,
              "wholesale_cost":0,
              "asin":"B07C4JT4R9",
              "sku":"825300",
              "item_number":"825300",
              "short_product_title":"Pawplexer, Bacon, Small",
              "meta":{
                 "sales_map":{
                    
                 },
                 "ads_arr":[
                    
                 ],
                 "ads_origin":{
                    "ads":0,
                    "display":0
                 },
                 "included_asins":{
                    
                 },
                 "asin_wholesale":{
                    
                 },
                 "asin_units":{
                    
                 },
                 "awu":{
                    "B07C4JT4R9":{
                       "wholesale_cost":5.55,
                       "units_sold":34
                    }
                 }
              }
           },
           "B07C584K4Y":{
              "acos":0,
              "average_cpc":0,
              "ad_clicks":0,
              "ad_impressions":0,
              "ad_orders":0,
              "ad_sales":0,
              "ad_spend":0,
              "conversion_rate":0,
              "sales":818.27,
              "units_sold":47,
              "orders":45,
              "units_per_order":1.0444444444444445,
              "asp":17.41,
              "shipped_cogs":425.35,
              "percent_total_sales":0,
              "wholesale_cost":0,
              "asin":"B07C584K4Y",
              "sku":"BNB-890300",
              "item_number":"890300",
              "short_product_title":"Dental Chew, Bacon, Large",
              "meta":{
                 "sales_map":{
                    
                 },
                 "ads_arr":[
                    
                 ],
                 "ads_origin":{
                    "ads":0,
                    "display":0
                 },
                 "included_asins":{
                    
                 },
                 "asin_wholesale":{
                    
                 },
                 "asin_units":{
                    
                 },
                 "awu":{
                    "B07C584K4Y":{
                       "wholesale_cost":9.05,
                       "units_sold":47
                    }
                 }
              }
           },
           "B08LPYTSWR":{
              "acos":0,
              "average_cpc":0,
              "ad_clicks":0,
              "ad_impressions":0,
              "ad_orders":0,
              "ad_sales":0,
              "ad_spend":0,
              "conversion_rate":0,
              "sales":96.5,
              "units_sold":10,
              "orders":10,
              "units_per_order":1,
              "asp":9.65,
              "shipped_cogs":50.5,
              "percent_total_sales":0,
              "wholesale_cost":0,
              "asin":"B08LPYTSWR",
              "sku":"BNB-612300",
              "item_number":"612300",
              "short_product_title":"Benebone Zaggler Rolling Dog Chew Toy, Made in USA, Real Chicken Flavor, Small",
              "meta":{
                 "sales_map":{
                    
                 },
                 "ads_arr":[
                    
                 ],
                 "ads_origin":{
                    "ads":0,
                    "display":0
                 },
                 "included_asins":{
                    
                 },
                 "asin_wholesale":{
                    
                 },
                 "asin_units":{
                    
                 },
                 "awu":{
                    "B08LPYTSWR":{
                       "wholesale_cost":5.05,
                       "units_sold":10
                    }
                 }
              }
           },
           "B075Z97QXV":{
              "acos":0,
              "average_cpc":0,
              "ad_clicks":0,
              "ad_impressions":0,
              "ad_orders":0,
              "ad_sales":0,
              "ad_spend":0,
              "conversion_rate":0,
              "sales":201.78000000000003,
              "units_sold":19,
              "orders":19,
              "units_per_order":1,
              "asp":10.620000000000001,
              "shipped_cogs":105.45,
              "percent_total_sales":0,
              "wholesale_cost":0,
              "asin":"B075Z97QXV",
              "sku":"BNB-811300",
              "item_number":"811300",
              "short_product_title":"Bacon Stick, Small",
              "meta":{
                 "sales_map":{
                    
                 },
                 "ads_arr":[
                    
                 ],
                 "ads_origin":{
                    "ads":0,
                    "display":0
                 },
                 "included_asins":{
                    
                 },
                 "asin_wholesale":{
                    
                 },
                 "asin_units":{
                    
                 },
                 "awu":{
                    "B075Z97QXV":{
                       "wholesale_cost":5.55,
                       "units_sold":19
                    }
                 }
              }
           },
           "B08LP3JXQK":{
              "acos":0,
              "average_cpc":0,
              "ad_clicks":0,
              "ad_impressions":0,
              "ad_orders":0,
              "ad_sales":0,
              "ad_spend":0,
              "conversion_rate":0,
              "sales":106.15000000000002,
              "units_sold":11,
              "orders":11,
              "units_per_order":1,
              "asp":9.650000000000002,
              "shipped_cogs":55.55,
              "percent_total_sales":0,
              "wholesale_cost":0,
              "asin":"B08LP3JXQK",
              "sku":"BNB-611300",
              "item_number":"611300",
              "short_product_title":"Benebone Zaggler Rolling Dog Chew Toy, Made in USA, Real Peanut Flavor, Small",
              "meta":{
                 "sales_map":{
                    
                 },
                 "ads_arr":[
                    
                 ],
                 "ads_origin":{
                    "ads":0,
                    "display":0
                 },
                 "included_asins":{
                    
                 },
                 "asin_wholesale":{
                    
                 },
                 "asin_units":{
                    
                 },
                 "awu":{
                    "B08LP3JXQK":{
                       "wholesale_cost":5.05,
                       "units_sold":11
                    }
                 }
              }
           },
           "B07X8YJC19":{
              "acos":0,
              "average_cpc":0,
              "ad_clicks":0,
              "ad_impressions":0,
              "ad_orders":0,
              "ad_sales":0,
              "ad_spend":0,
              "conversion_rate":0,
              "sales":150.67000000000002,
              "units_sold":13,
              "orders":13,
              "units_per_order":1,
              "asp":11.590000000000002,
              "shipped_cogs":78.64999999999999,
              "percent_total_sales":0,
              "wholesale_cost":0,
              "asin":"B07X8YJC19",
              "sku":"BNB-620400",
              "item_number":"620400",
              "short_product_title":"Zaggler, Bacon, Medium",
              "meta":{
                 "sales_map":{
                    
                 },
                 "ads_arr":[
                    
                 ],
                 "ads_origin":{
                    "ads":0,
                    "display":0
                 },
                 "included_asins":{
                    
                 },
                 "asin_wholesale":{
                    
                 },
                 "asin_units":{
                    
                 },
                 "awu":{
                    "B07X8YJC19":{
                       "wholesale_cost":6.05,
                       "units_sold":13
                    }
                 }
              }
           },
           "B08LP499SR":{
              "acos":0,
              "average_cpc":0,
              "ad_clicks":0,
              "ad_impressions":0,
              "ad_orders":0,
              "ad_sales":0,
              "ad_spend":0,
              "conversion_rate":0,
              "sales":417.24000000000007,
              "units_sold":36,
              "orders":36,
              "units_per_order":1,
              "asp":11.590000000000002,
              "shipped_cogs":217.79999999999998,
              "percent_total_sales":0,
              "wholesale_cost":0,
              "asin":"B08LP499SR",
              "sku":"BNB-622400",
              "item_number":"622400",
              "short_product_title":"Benebone Zaggler Rolling Dog Chew Toy, Made in USA, Real Chicken Flavor, Medium",
              "meta":{
                 "sales_map":{
                    
                 },
                 "ads_arr":[
                    
                 ],
                 "ads_origin":{
                    "ads":0,
                    "display":0
                 },
                 "included_asins":{
                    
                 },
                 "asin_wholesale":{
                    
                 },
                 "asin_units":{
                    
                 },
                 "awu":{
                    "B08LP499SR":{
                       "wholesale_cost":6.05,
                       "units_sold":36
                    }
                 }
              }
           },
           "B07CQNMXN1":{
              "acos":0,
              "average_cpc":0,
              "ad_clicks":0,
              "ad_impressions":0,
              "ad_orders":0,
              "ad_sales":0,
              "ad_spend":0,
              "conversion_rate":0,
              "sales":52.230000000000004,
              "units_sold":3,
              "orders":3,
              "units_per_order":1,
              "asp":17.41,
              "shipped_cogs":27.150000000000002,
              "percent_total_sales":0,
              "wholesale_cost":0,
              "asin":"B07CQNMXN1",
              "sku":"BNB-891300",
              "item_number":"891300",
              "short_product_title":"Dental Chew, Peanut, Large",
              "meta":{
                 "sales_map":{
                    
                 },
                 "ads_arr":[
                    
                 ],
                 "ads_origin":{
                    "ads":0,
                    "display":0
                 },
                 "included_asins":{
                    
                 },
                 "asin_wholesale":{
                    
                 },
                 "asin_units":{
                    
                 },
                 "awu":{
                    "B07CQNMXN1":{
                       "wholesale_cost":9.05,
                       "units_sold":3
                    }
                 }
              }
           },
           "B08LP4SRJX":{
              "acos":0,
              "average_cpc":0,
              "ad_clicks":0,
              "ad_impressions":0,
              "ad_orders":0,
              "ad_sales":0,
              "ad_spend":0,
              "conversion_rate":0,
              "sales":766.0400000000001,
              "units_sold":44,
              "orders":38,
              "units_per_order":1.1578947368421053,
              "asp":17.41,
              "shipped_cogs":398.20000000000005,
              "percent_total_sales":0,
              "wholesale_cost":0,
              "asin":"B08LP4SRJX",
              "sku":"BNB-631250",
              "item_number":"631250",
              "short_product_title":"Benebone Zaggler Rolling Dog Chew Toy, Made in USA, Real Peanut Flavor, Large",
              "meta":{
                 "sales_map":{
                    
                 },
                 "ads_arr":[
                    
                 ],
                 "ads_origin":{
                    "ads":0,
                    "display":0
                 },
                 "included_asins":{
                    
                 },
                 "asin_wholesale":{
                    
                 },
                 "asin_units":{
                    
                 },
                 "awu":{
                    "B08LP4SRJX":{
                       "wholesale_cost":9.05,
                       "units_sold":44
                    }
                 }
              }
           },
           "B07F6SCXCV":{
              "acos":0,
              "average_cpc":0,
              "ad_clicks":0,
              "ad_impressions":0,
              "ad_orders":0,
              "ad_sales":0,
              "ad_spend":0,
              "conversion_rate":0,
              "sales":74.34,
              "units_sold":7,
              "orders":5,
              "units_per_order":1.4,
              "asp":10.620000000000001,
              "shipped_cogs":35.35,
              "percent_total_sales":0,
              "wholesale_cost":0,
              "asin":"B07F6SCXCV",
              "sku":"BNB-801300",
              "item_number":"801300",
              "short_product_title":"Maplestick, Small",
              "meta":{
                 "sales_map":{
                    
                 },
                 "ads_arr":[
                    
                 ],
                 "ads_origin":{
                    "ads":0,
                    "display":0
                 },
                 "included_asins":{
                    
                 },
                 "asin_wholesale":{
                    
                 },
                 "asin_units":{
                    
                 },
                 "awu":{
                    "B07F6SCXCV":{
                       "wholesale_cost":5.05,
                       "units_sold":7
                    }
                 }
              }
           },
           "B07YM49H5W":{
              "acos":0,
              "average_cpc":0,
              "ad_clicks":0,
              "ad_impressions":0,
              "ad_orders":0,
              "ad_sales":0,
              "ad_spend":0,
              "conversion_rate":0,
              "sales":77.2,
              "units_sold":8,
              "orders":8,
              "units_per_order":1,
              "asp":9.65,
              "shipped_cogs":40.4,
              "percent_total_sales":0,
              "wholesale_cost":0,
              "asin":"B07YM49H5W",
              "sku":"BNB-829500",
              "item_number":"829500",
              "short_product_title":"Puppy Wishbone, Bacon, Small",
              "meta":{
                 "sales_map":{
                    
                 },
                 "ads_arr":[
                    
                 ],
                 "ads_origin":{
                    "ads":0,
                    "display":0
                 },
                 "included_asins":{
                    
                 },
                 "asin_wholesale":{
                    
                 },
                 "asin_units":{
                    
                 },
                 "awu":{
                    "B07YM49H5W":{
                       "wholesale_cost":5.05,
                       "units_sold":8
                    }
                 }
              }
           },
           "B08LP3S7N1":{
              "acos":0,
              "average_cpc":0,
              "ad_clicks":0,
              "ad_impressions":0,
              "ad_orders":0,
              "ad_sales":0,
              "ad_spend":0,
              "conversion_rate":0,
              "sales":387,
              "units_sold":20,
              "orders":20,
              "units_per_order":1,
              "asp":19.35,
              "shipped_cogs":202,
              "percent_total_sales":0,
              "wholesale_cost":0,
              "asin":"B08LP3S7N1",
              "sku":"BNB-635250",
              "item_number":"635250",
              "short_product_title":"Benebone Zaggler Rolling Dog Chew Toy, Made in USA, Real Bacon Flavor, Giant",
              "meta":{
                 "sales_map":{
                    
                 },
                 "ads_arr":[
                    
                 ],
                 "ads_origin":{
                    "ads":0,
                    "display":0
                 },
                 "included_asins":{
                    
                 },
                 "asin_wholesale":{
                    
                 },
                 "asin_units":{
                    
                 },
                 "awu":{
                    "B08LP3S7N1":{
                       "wholesale_cost":10.1,
                       "units_sold":20
                    }
                 }
              }
           }
        },
        "period":{
           "start":"2021-07-01T00:00:00Z",
           "end":"2021-07-31T23:59:59Z"
        }
     }
  ],
  "yoy":[
     
  ],
  "comparisons":{
     "yoy":[
        
     ],
     "pop":[
        {
           "itemized":{
              "B07F6SCXCV":{
                 "sales":{
                    "number":-679.6800000000002,
                    "percentage":-71.11111111111111,
                    "cur":276.12,
                    "prev":955.8000000000002
                 },
                 "shipped_cogs":{
                    "number":-323.20000000000005,
                    "percentage":-71.11111111111113,
                    "cur":131.29999999999998,
                    "prev":454.5
                 },
                 "orders":{
                    "number":-57,
                    "percentage":-71.25,
                    "cur":23,
                    "prev":80
                 },
                 "units_sold":{
                    "number":-64,
                    "percentage":-71.11111111111111,
                    "cur":26,
                    "prev":90
                 },
                 "asp":{
                    "number":-1.7763568394002505e-15,
                    "percentage":-1.6726523911490112e-14,
                    "cur":10.620000000000001,
                    "prev":10.620000000000003
                 },
                 "ad_impressions":{
                    "number":0,
                    "percentage":0,
                    "cur":0,
                    "prev":0
                 },
                 "ad_clicks":{
                    "number":0,
                    "percentage":0,
                    "cur":0,
                    "prev":0
                 },
                 "ad_spend":{
                    "number":0,
                    "percentage":0,
                    "cur":0,
                    "prev":0
                 },
                 "ad_orders":{
                    "number":0,
                    "percentage":0,
                    "cur":0,
                    "prev":0
                 },
                 "ad_sales":{
                    "number":0,
                    "percentage":0,
                    "cur":0,
                    "prev":0
                 },
                 "percent_total_sales":{
                    "number":0,
                    "percentage":0,
                    "cur":0,
                    "prev":0
                 },
                 "conversion_rate":{
                    "number":0,
                    "percentage":0,
                    "cur":0,
                    "prev":0
                 },
                 "acos":{
                    "number":0,
                    "percentage":0,
                    "cur":0,
                    "prev":0
                 },
                 "average_cpc":{
                    "number":0,
                    "percentage":0,
                    "cur":0,
                    "prev":0
                 },
                 "units_per_order":{
                    "number":0.005434782608695565,
                    "percentage":0.4830917874396058,
                    "cur":1.1304347826086956,
                    "prev":1.125
                 }
              },
              "B07RHQMVKH":{
                 "sales":{
                    "number":-1117.8399999999983,
                    "percentage":-95.69892473118279,
                    "cur":50.24,
                    "prev":1168.0799999999983
                 },
                 "shipped_cogs":{
                    "number":-582.9499999999999,
                    "percentage":-95.69892473118279,
                    "cur":26.2,
                    "prev":609.15
                 },
                 "orders":{
                    "number":-89,
                    "percentage":-95.6989247311828,
                    "cur":4,
                    "prev":93
                 },
                 "units_sold":{
                    "number":-89,
                    "percentage":-95.6989247311828,
                    "cur":4,
                    "prev":93
                 },
                 "asp":{
                    "number":1.7763568394002505e-14,
                    "percentage":1.4142968466562522e-13,
                    "cur":12.56,
                    "prev":12.559999999999983
                 },
                 "ad_impressions":{
                    "number":-797,
                    "percentage":0,
                    "cur":0,
                    "prev":797
                 },
                 "ad_clicks":{
                    "number":-3,
                    "percentage":0,
                    "cur":0,
                    "prev":3
                 },
                 "ad_spend":{
                    "number":-3.07,
                    "percentage":0,
                    "cur":0,
                    "prev":3.07
                 },
                 "ad_orders":{
                    "number":0,
                    "percentage":0,
                    "cur":0,
                    "prev":0
                 },
                 "ad_sales":{
                    "number":0,
                    "percentage":0,
                    "cur":0,
                    "prev":0
                 },
                 "percent_total_sales":{
                    "number":0,
                    "percentage":0,
                    "cur":0,
                    "prev":0
                 },
                 "conversion_rate":{
                    "number":0,
                    "percentage":0,
                    "cur":0,
                    "prev":0
                 },
                 "acos":{
                    "number":-9999.99,
                    "percentage":0,
                    "cur":0,
                    "prev":9999.99
                 },
                 "average_cpc":{
                    "number":-1.0233333333333332,
                    "percentage":0,
                    "cur":0,
                    "prev":1.0233333333333332
                 },
                 "units_per_order":{
                    "number":0,
                    "percentage":0,
                    "cur":1,
                    "prev":1
                 }
              },
              "B014JXJ2S4":{
                 "sales":{
                    "number":-28215.000000000025,
                    "percentage":-99.70457902511079,
                    "cur":83.60000000000001,
                    "prev":28298.600000000024
                 },
                 "shipped_cogs":{
                    "number":-17743.949999999997,
                    "percentage":-99.70555760029444,
                    "cur":52.4,
                    "prev":17796.35
                 },
                 "orders":{
                    "number":-2326,
                    "percentage":-99.65724078834619,
                    "cur":8,
                    "prev":2334
                 },
                 "units_sold":{
                    "number":-2709,
                    "percentage":-99.70555760029444,
                    "cur":8,
                    "prev":2717
                 },
                 "asp":{
                    "number":0.0346153846153765,
                    "percentage":0.33234859675029105,
                    "cur":10.450000000000001,
                    "prev":10.415384615384625
                 },
                 "ad_impressions":{
                    "number":0,
                    "percentage":0,
                    "cur":0,
                    "prev":0
                 },
                 "ad_clicks":{
                    "number":0,
                    "percentage":0,
                    "cur":0,
                    "prev":0
                 },
                 "ad_spend":{
                    "number":0,
                    "percentage":0,
                    "cur":0,
                    "prev":0
                 },
                 "ad_orders":{
                    "number":0,
                    "percentage":0,
                    "cur":0,
                    "prev":0
                 },
                 "ad_sales":{
                    "number":0,
                    "percentage":0,
                    "cur":0,
                    "prev":0
                 },
                 "percent_total_sales":{
                    "number":0,
                    "percentage":0,
                    "cur":0,
                    "prev":0
                 },
                 "conversion_rate":{
                    "number":0,
                    "percentage":0,
                    "cur":0,
                    "prev":0
                 },
                 "acos":{
                    "number":0,
                    "percentage":0,
                    "cur":0,
                    "prev":0
                 },
                 "average_cpc":{
                    "number":0,
                    "percentage":0,
                    "cur":0,
                    "prev":0
                 },
                 "units_per_order":{
                    "number":-0.164095972579263,
                    "percentage":-14.096429885903566,
                    "cur":1,
                    "prev":1.164095972579263
                 }
              },
              "B07XD4M51J":{
                 "sales":{
                    "number":-6511.340000000001,
                    "percentage":-99.46808510638299,
                    "cur":34.82,
                    "prev":6546.160000000001
                 },
                 "shipped_cogs":{
                    "number":-3366.6000000000004,
                    "percentage":-98.93617021276596,
                    "cur":36.2,
                    "prev":3402.8
                 },
                 "orders":{
                    "number":-328,
                    "percentage":-98.79518072289156,
                    "cur":4,
                    "prev":332
                 },
                 "units_sold":{
                    "number":-372,
                    "percentage":-98.93617021276596,
                    "cur":4,
                    "prev":376
                 },
                 "asp":{
                    "number":-8.705000000000004,
                    "percentage":-50.000000000000014,
                    "cur":8.705,
                    "prev":17.410000000000004
                 },
                 "ad_impressions":{
                    "number":0,
                    "percentage":0,
                    "cur":0,
                    "prev":0
                 },
                 "ad_clicks":{
                    "number":0,
                    "percentage":0,
                    "cur":0,
                    "prev":0
                 },
                 "ad_spend":{
                    "number":0,
                    "percentage":0,
                    "cur":0,
                    "prev":0
                 },
                 "ad_orders":{
                    "number":0,
                    "percentage":0,
                    "cur":0,
                    "prev":0
                 },
                 "ad_sales":{
                    "number":0,
                    "percentage":0,
                    "cur":0,
                    "prev":0
                 },
                 "percent_total_sales":{
                    "number":0,
                    "percentage":0,
                    "cur":0,
                    "prev":0
                 },
                 "conversion_rate":{
                    "number":0,
                    "percentage":0,
                    "cur":0,
                    "prev":0
                 },
                 "acos":{
                    "number":0,
                    "percentage":0,
                    "cur":0,
                    "prev":0
                 },
                 "average_cpc":{
                    "number":0,
                    "percentage":0,
                    "cur":0,
                    "prev":0
                 },
                 "units_per_order":{
                    "number":-0.1325301204819278,
                    "percentage":-11.702127659574476,
                    "cur":1,
                    "prev":1.1325301204819278
                 }
              },
              "B07R4PXC7B":{
                 "sales":{
                    "number":-960.5599999999981,
                    "percentage":-72.83591143463751,
                    "cur":358.24,
                    "prev":1318.7999999999981
                 },
                 "shipped_cogs":{
                    "number":-497.8,
                    "percentage":-72.38095238095238,
                    "cur":189.95,
                    "prev":687.75
                 },
                 "orders":{
                    "number":-70,
                    "percentage":-72.91666666666666,
                    "cur":26,
                    "prev":96
                 },
                 "units_sold":{
                    "number":-76,
                    "percentage":-72.38095238095238,
                    "cur":29,
                    "prev":105
                 },
                 "asp":{
                    "number":-0.20689655172412103,
                    "percentage":-1.6472655392047877,
                    "cur":12.353103448275862,
                    "prev":12.559999999999983
                 },
                 "ad_impressions":{
                    "number":-1583,
                    "percentage":-95.88128407026045,
                    "cur":68,
                    "prev":1651
                 },
                 "ad_clicks":{
                    "number":0,
                    "percentage":0,
                    "cur":1,
                    "prev":1
                 },
                 "ad_spend":{
                    "number":-0.45999999999999985,
                    "percentage":-40.7079646017699,
                    "cur":0.67,
                    "prev":1.13
                 },
                 "ad_orders":{
                    "number":0,
                    "percentage":0,
                    "cur":0,
                    "prev":0
                 },
                 "ad_sales":{
                    "number":0,
                    "percentage":0,
                    "cur":0,
                    "prev":0
                 },
                 "percent_total_sales":{
                    "number":0,
                    "percentage":0,
                    "cur":0,
                    "prev":0
                 },
                 "conversion_rate":{
                    "number":0,
                    "percentage":0,
                    "cur":0,
                    "prev":0
                 },
                 "acos":{
                    "number":0,
                    "percentage":0,
                    "cur":9999.99,
                    "prev":9999.99
                 },
                 "average_cpc":{
                    "number":-0.45999999999999985,
                    "percentage":-40.7079646017699,
                    "cur":0.67,
                    "prev":1.13
                 },
                 "units_per_order":{
                    "number":0.02163461538461542,
                    "percentage":1.978021978021981,
                    "cur":1.1153846153846154,
                    "prev":1.09375
                 }
              },
              "B07XF7CHPC":{
                 "sales":{
                    "number":-434.24999999999955,
                    "percentage":-89.99999999999999,
                    "cur":48.25,
                    "prev":482.49999999999955
                 },
                 "shipped_cogs":{
                    "number":-227.25,
                    "percentage":-90,
                    "cur":25.25,
                    "prev":252.5
                 },
                 "orders":{
                    "number":-45,
                    "percentage":-90,
                    "cur":5,
                    "prev":50
                 },
                 "units_sold":{
                    "number":-45,
                    "percentage":-90,
                    "cur":5,
                    "prev":50
                 },
                 "asp":{
                    "number":8.881784197001252e-15,
                    "percentage":9.2039214476697e-14,
                    "cur":9.65,
                    "prev":9.649999999999991
                 },
                 "ad_impressions":{
                    "number":0,
                    "percentage":0,
                    "cur":0,
                    "prev":0
                 },
                 "ad_clicks":{
                    "number":0,
                    "percentage":0,
                    "cur":0,
                    "prev":0
                 },
                 "ad_spend":{
                    "number":0,
                    "percentage":0,
                    "cur":0,
                    "prev":0
                 },
                 "ad_orders":{
                    "number":0,
                    "percentage":0,
                    "cur":0,
                    "prev":0
                 },
                 "ad_sales":{
                    "number":0,
                    "percentage":0,
                    "cur":0,
                    "prev":0
                 },
                 "percent_total_sales":{
                    "number":0,
                    "percentage":0,
                    "cur":0,
                    "prev":0
                 },
                 "conversion_rate":{
                    "number":0,
                    "percentage":0,
                    "cur":0,
                    "prev":0
                 },
                 "acos":{
                    "number":0,
                    "percentage":0,
                    "cur":0,
                    "prev":0
                 },
                 "average_cpc":{
                    "number":0,
                    "percentage":0,
                    "cur":0,
                    "prev":0
                 },
                 "units_per_order":{
                    "number":0,
                    "percentage":0,
                    "cur":1,
                    "prev":1
                 }
              },
              "B08LP499SR":{
                 "sales":{
                    "number":-359.2899999999998,
                    "percentage":-86.1111111111111,
                    "cur":57.95,
                    "prev":417.2399999999998
                 },
                 "shipped_cogs":{
                    "number":-187.54999999999998,
                    "percentage":-86.1111111111111,
                    "cur":30.25,
                    "prev":217.79999999999998
                 },
                 "orders":{
                    "number":-25,
                    "percentage":-83.33333333333334,
                    "cur":5,
                    "prev":30
                 },
                 "units_sold":{
                    "number":-31,
                    "percentage":-86.11111111111111,
                    "cur":5,
                    "prev":36
                 },
                 "asp":{
                    "number":5.329070518200751e-15,
                    "percentage":4.5979900933569924e-14,
                    "cur":11.59,
                    "prev":11.589999999999995
                 },
                 "ad_impressions":{
                    "number":0,
                    "percentage":0,
                    "cur":0,
                    "prev":0
                 },
                 "ad_clicks":{
                    "number":0,
                    "percentage":0,
                    "cur":0,
                    "prev":0
                 },
                 "ad_spend":{
                    "number":0,
                    "percentage":0,
                    "cur":0,
                    "prev":0
                 },
                 "ad_orders":{
                    "number":0,
                    "percentage":0,
                    "cur":0,
                    "prev":0
                 },
                 "ad_sales":{
                    "number":0,
                    "percentage":0,
                    "cur":0,
                    "prev":0
                 },
                 "percent_total_sales":{
                    "number":0,
                    "percentage":0,
                    "cur":0,
                    "prev":0
                 },
                 "conversion_rate":{
                    "number":0,
                    "percentage":0,
                    "cur":0,
                    "prev":0
                 },
                 "acos":{
                    "number":0,
                    "percentage":0,
                    "cur":0,
                    "prev":0
                 },
                 "average_cpc":{
                    "number":0,
                    "percentage":0,
                    "cur":0,
                    "prev":0
                 },
                 "units_per_order":{
                    "number":-0.19999999999999996,
                    "percentage":-16.666666666666664,
                    "cur":1,
                    "prev":1.2
                 }
              },
              "B07C584K4Y":{
                 "sales":{
                    "number":-557.1199999999999,
                    "percentage":-72.72727272727273,
                    "cur":208.92,
                    "prev":766.0399999999998
                 },
                 "shipped_cogs":{
                    "number":-289.6,
                    "percentage":-72.72727272727273,
                    "cur":108.60000000000001,
                    "prev":398.20000000000005
                 },
                 "orders":{
                    "number":-33,
                    "percentage":-75,
                    "cur":11,
                    "prev":44
                 },
                 "units_sold":{
                    "number":-32,
                    "percentage":-72.72727272727273,
                    "cur":12,
                    "prev":44
                 },
                 "asp":{
                    "number":3.552713678800501e-15,
                    "percentage":2.0406167023552563e-14,
                    "cur":17.41,
                    "prev":17.409999999999997
                 },
                 "ad_impressions":{
                    "number":0,
                    "percentage":0,
                    "cur":0,
                    "prev":0
                 },
                 "ad_clicks":{
                    "number":0,
                    "percentage":0,
                    "cur":0,
                    "prev":0
                 },
                 "ad_spend":{
                    "number":0,
                    "percentage":0,
                    "cur":0,
                    "prev":0
                 },
                 "ad_orders":{
                    "number":0,
                    "percentage":0,
                    "cur":0,
                    "prev":0
                 },
                 "ad_sales":{
                    "number":0,
                    "percentage":0,
                    "cur":0,
                    "prev":0
                 },
                 "percent_total_sales":{
                    "number":0,
                    "percentage":0,
                    "cur":0,
                    "prev":0
                 },
                 "conversion_rate":{
                    "number":0,
                    "percentage":0,
                    "cur":0,
                    "prev":0
                 },
                 "acos":{
                    "number":0,
                    "percentage":0,
                    "cur":0,
                    "prev":0
                 },
                 "average_cpc":{
                    "number":0,
                    "percentage":0,
                    "cur":0,
                    "prev":0
                 },
                 "units_per_order":{
                    "number":0.09090909090909083,
                    "percentage":9.090909090909083,
                    "cur":1.0909090909090908,
                    "prev":1
                 }
              },
              "B08LP44V4B":{
                 "sales":{
                    "number":-11648.700000000006,
                    "percentage":-97.72727272727273,
                    "cur":270.9,
                    "prev":11919.600000000006
                 },
                 "shipped_cogs":{
                    "number":-6080.2,
                    "percentage":-97.72727272727273,
                    "cur":141.4,
                    "prev":6221.599999999999
                 },
                 "orders":{
                    "number":-549,
                    "percentage":-98.21109123434705,
                    "cur":10,
                    "prev":559
                 },
                 "units_sold":{
                    "number":-602,
                    "percentage":-97.72727272727273,
                    "cur":14,
                    "prev":616
                 },
                 "asp":{
                    "number":-1.0658141036401503e-14,
                    "percentage":-5.508083222946511e-14,
                    "cur":19.349999999999998,
                    "prev":19.35000000000001
                 },
                 "ad_impressions":{
                    "number":0,
                    "percentage":0,
                    "cur":0,
                    "prev":0
                 },
                 "ad_clicks":{
                    "number":0,
                    "percentage":0,
                    "cur":0,
                    "prev":0
                 },
                 "ad_spend":{
                    "number":0,
                    "percentage":0,
                    "cur":0,
                    "prev":0
                 },
                 "ad_orders":{
                    "number":0,
                    "percentage":0,
                    "cur":0,
                    "prev":0
                 },
                 "ad_sales":{
                    "number":0,
                    "percentage":0,
                    "cur":0,
                    "prev":0
                 },
                 "percent_total_sales":{
                    "number":0,
                    "percentage":0,
                    "cur":0,
                    "prev":0
                 },
                 "conversion_rate":{
                    "number":0,
                    "percentage":0,
                    "cur":0,
                    "prev":0
                 },
                 "acos":{
                    "number":0,
                    "percentage":0,
                    "cur":0,
                    "prev":0
                 },
                 "average_cpc":{
                    "number":0,
                    "percentage":0,
                    "cur":0,
                    "prev":0
                 },
                 "units_per_order":{
                    "number":0.2980322003577818,
                    "percentage":27.04545454545455,
                    "cur":1.4,
                    "prev":1.1019677996422181
                 }
              },
              "B07F6WYYJ5":{
                 "sales":{
                    "number":-487.48,
                    "percentage":-73.68421052631578,
                    "cur":174.1,
                    "prev":661.58
                 },
                 "shipped_cogs":{
                    "number":-253.40000000000003,
                    "percentage":-73.6842105263158,
                    "cur":90.5,
                    "prev":343.90000000000003
                 },
                 "orders":{
                    "number":-28,
                    "percentage":-73.68421052631578,
                    "cur":10,
                    "prev":38
                 },
                 "units_sold":{
                    "number":-28,
                    "percentage":-73.68421052631578,
                    "cur":10,
                    "prev":38
                 },
                 "asp":{
                    "number":0,
                    "percentage":0,
                    "cur":17.41,
                    "prev":17.41
                 },
                 "ad_impressions":{
                    "number":0,
                    "percentage":0,
                    "cur":0,
                    "prev":0
                 },
                 "ad_clicks":{
                    "number":0,
                    "percentage":0,
                    "cur":0,
                    "prev":0
                 },
                 "ad_spend":{
                    "number":0,
                    "percentage":0,
                    "cur":0,
                    "prev":0
                 },
                 "ad_orders":{
                    "number":0,
                    "percentage":0,
                    "cur":0,
                    "prev":0
                 },
                 "ad_sales":{
                    "number":0,
                    "percentage":0,
                    "cur":0,
                    "prev":0
                 },
                 "percent_total_sales":{
                    "number":0,
                    "percentage":0,
                    "cur":0,
                    "prev":0
                 },
                 "conversion_rate":{
                    "number":0,
                    "percentage":0,
                    "cur":0,
                    "prev":0
                 },
                 "acos":{
                    "number":0,
                    "percentage":0,
                    "cur":0,
                    "prev":0
                 },
                 "average_cpc":{
                    "number":0,
                    "percentage":0,
                    "cur":0,
                    "prev":0
                 },
                 "units_per_order":{
                    "number":0,
                    "percentage":0,
                    "cur":1,
                    "prev":1
                 }
              },
              "B07YM3WK54":{
                 "sales":{
                    "number":-138.06,
                    "percentage":-72.22222222222221,
                    "cur":53.099999999999994,
                    "prev":191.16
                 },
                 "shipped_cogs":{
                    "number":-72.14999999999999,
                    "percentage":-72.22222222222221,
                    "cur":27.75,
                    "prev":99.89999999999999
                 },
                 "orders":{
                    "number":-4,
                    "percentage":-44.44444444444444,
                    "cur":5,
                    "prev":9
                 },
                 "units_sold":{
                    "number":-13,
                    "percentage":-72.22222222222221,
                    "cur":5,
                    "prev":18
                 },
                 "asp":{
                    "number":0,
                    "percentage":0,
                    "cur":10.62,
                    "prev":10.62
                 },
                 "ad_impressions":{
                    "number":0,
                    "percentage":0,
                    "cur":0,
                    "prev":0
                 },
                 "ad_clicks":{
                    "number":0,
                    "percentage":0,
                    "cur":0,
                    "prev":0
                 },
                 "ad_spend":{
                    "number":0,
                    "percentage":0,
                    "cur":0,
                    "prev":0
                 },
                 "ad_orders":{
                    "number":0,
                    "percentage":0,
                    "cur":0,
                    "prev":0
                 },
                 "ad_sales":{
                    "number":0,
                    "percentage":0,
                    "cur":0,
                    "prev":0
                 },
                 "percent_total_sales":{
                    "number":0,
                    "percentage":0,
                    "cur":0,
                    "prev":0
                 },
                 "conversion_rate":{
                    "number":0,
                    "percentage":0,
                    "cur":0,
                    "prev":0
                 },
                 "acos":{
                    "number":0,
                    "percentage":0,
                    "cur":0,
                    "prev":0
                 },
                 "average_cpc":{
                    "number":0,
                    "percentage":0,
                    "cur":0,
                    "prev":0
                 },
                 "units_per_order":{
                    "number":-1,
                    "percentage":-50,
                    "cur":1,
                    "prev":2
                 }
              },
              "B07RHQNQK9":{
                 "sales":{
                    "number":153.69,
                    "percentage":220.69213095921882,
                    "cur":223.33,
                    "prev":69.64
                 },
                 "shipped_cogs":{
                    "number":81.45,
                    "percentage":225,
                    "cur":117.65,
                    "prev":36.2
                 },
                 "orders":{
                    "number":9,
                    "percentage":225,
                    "cur":13,
                    "prev":4
                 },
                 "units_sold":{
                    "number":9,
                    "percentage":225,
                    "cur":13,
                    "prev":4
                 },
                 "asp":{
                    "number":-0.23076923076922995,
                    "percentage":-1.3254981663941985,
                    "cur":17.17923076923077,
                    "prev":17.41
                 },
                 "ad_impressions":{
                    "number":0,
                    "percentage":0,
                    "cur":0,
                    "prev":0
                 },
                 "ad_clicks":{
                    "number":0,
                    "percentage":0,
                    "cur":0,
                    "prev":0
                 },
                 "ad_spend":{
                    "number":0,
                    "percentage":0,
                    "cur":0,
                    "prev":0
                 },
                 "ad_orders":{
                    "number":0,
                    "percentage":0,
                    "cur":0,
                    "prev":0
                 },
                 "ad_sales":{
                    "number":0,
                    "percentage":0,
                    "cur":0,
                    "prev":0
                 },
                 "percent_total_sales":{
                    "number":0,
                    "percentage":0,
                    "cur":0,
                    "prev":0
                 },
                 "conversion_rate":{
                    "number":0,
                    "percentage":0,
                    "cur":0,
                    "prev":0
                 },
                 "acos":{
                    "number":0,
                    "percentage":0,
                    "cur":0,
                    "prev":0
                 },
                 "average_cpc":{
                    "number":0,
                    "percentage":0,
                    "cur":0,
                    "prev":0
                 },
                 "units_per_order":{
                    "number":0,
                    "percentage":0,
                    "cur":1,
                    "prev":1
                 }
              },
              "B075Z97QXV":{
                 "sales":{
                    "number":-12.620000000000019,
                    "percentage":-10.802944701249801,
                    "cur":104.19999999999999,
                    "prev":116.82000000000001
                 },
                 "shipped_cogs":{
                    "number":-5.549999999999997,
                    "percentage":-9.090909090909086,
                    "cur":55.5,
                    "prev":61.05
                 },
                 "orders":{
                    "number":-1,
                    "percentage":-9.090909090909092,
                    "cur":10,
                    "prev":11
                 },
                 "units_sold":{
                    "number":-1,
                    "percentage":-9.090909090909092,
                    "cur":10,
                    "prev":11
                 },
                 "asp":{
                    "number":-0.20000000000000284,
                    "percentage":-1.8832391713747911,
                    "cur":10.419999999999998,
                    "prev":10.620000000000001
                 },
                 "ad_impressions":{
                    "number":0,
                    "percentage":0,
                    "cur":0,
                    "prev":0
                 },
                 "ad_clicks":{
                    "number":0,
                    "percentage":0,
                    "cur":0,
                    "prev":0
                 },
                 "ad_spend":{
                    "number":0,
                    "percentage":0,
                    "cur":0,
                    "prev":0
                 },
                 "ad_orders":{
                    "number":0,
                    "percentage":0,
                    "cur":0,
                    "prev":0
                 },
                 "ad_sales":{
                    "number":0,
                    "percentage":0,
                    "cur":0,
                    "prev":0
                 },
                 "percent_total_sales":{
                    "number":0,
                    "percentage":0,
                    "cur":0,
                    "prev":0
                 },
                 "conversion_rate":{
                    "number":0,
                    "percentage":0,
                    "cur":0,
                    "prev":0
                 },
                 "acos":{
                    "number":0,
                    "percentage":0,
                    "cur":0,
                    "prev":0
                 },
                 "average_cpc":{
                    "number":0,
                    "percentage":0,
                    "cur":0,
                    "prev":0
                 },
                 "units_per_order":{
                    "number":0,
                    "percentage":0,
                    "cur":1,
                    "prev":1
                 }
              },
              "B07X8YJC19":{
                 "sales":{
                    "number":-212.6199999999999,
                    "percentage":-49.581419210409706,
                    "cur":216.21000000000004,
                    "prev":428.8299999999999
                 },
                 "shipped_cogs":{
                    "number":-108.89999999999999,
                    "percentage":-48.648648648648646,
                    "cur":114.95,
                    "prev":223.85
                 },
                 "orders":{
                    "number":-19,
                    "percentage":-51.35135135135135,
                    "cur":18,
                    "prev":37
                 },
                 "units_sold":{
                    "number":-18,
                    "percentage":-48.64864864864865,
                    "cur":19,
                    "prev":37
                 },
                 "asp":{
                    "number":-0.210526315789469,
                    "percentage":-1.8164479360609924,
                    "cur":11.379473684210529,
                    "prev":11.589999999999998
                 },
                 "ad_impressions":{
                    "number":0,
                    "percentage":0,
                    "cur":0,
                    "prev":0
                 },
                 "ad_clicks":{
                    "number":0,
                    "percentage":0,
                    "cur":0,
                    "prev":0
                 },
                 "ad_spend":{
                    "number":0,
                    "percentage":0,
                    "cur":0,
                    "prev":0
                 },
                 "ad_orders":{
                    "number":0,
                    "percentage":0,
                    "cur":0,
                    "prev":0
                 },
                 "ad_sales":{
                    "number":0,
                    "percentage":0,
                    "cur":0,
                    "prev":0
                 },
                 "percent_total_sales":{
                    "number":0,
                    "percentage":0,
                    "cur":0,
                    "prev":0
                 },
                 "conversion_rate":{
                    "number":0,
                    "percentage":0,
                    "cur":0,
                    "prev":0
                 },
                 "acos":{
                    "number":0,
                    "percentage":0,
                    "cur":0,
                    "prev":0
                 },
                 "average_cpc":{
                    "number":0,
                    "percentage":0,
                    "cur":0,
                    "prev":0
                 },
                 "units_per_order":{
                    "number":0.05555555555555558,
                    "percentage":5.555555555555558,
                    "cur":1.0555555555555556,
                    "prev":1
                 }
              },
              "B08LP192CF":{
                 "sales":{
                    "number":-150.67000000000002,
                    "percentage":-81.25,
                    "cur":34.769999999999996,
                    "prev":185.44000000000003
                 },
                 "shipped_cogs":{
                    "number":-78.65,
                    "percentage":-81.25000000000001,
                    "cur":18.15,
                    "prev":96.8
                 },
                 "orders":{
                    "number":-13,
                    "percentage":-81.25,
                    "cur":3,
                    "prev":16
                 },
                 "units_sold":{
                    "number":-13,
                    "percentage":-81.25,
                    "cur":3,
                    "prev":16
                 },
                 "asp":{
                    "number":-3.552713678800501e-15,
                    "percentage":-3.06532672890466e-14,
                    "cur":11.589999999999998,
                    "prev":11.590000000000002
                 },
                 "ad_impressions":{
                    "number":0,
                    "percentage":0,
                    "cur":0,
                    "prev":0
                 },
                 "ad_clicks":{
                    "number":0,
                    "percentage":0,
                    "cur":0,
                    "prev":0
                 },
                 "ad_spend":{
                    "number":0,
                    "percentage":0,
                    "cur":0,
                    "prev":0
                 },
                 "ad_orders":{
                    "number":0,
                    "percentage":0,
                    "cur":0,
                    "prev":0
                 },
                 "ad_sales":{
                    "number":0,
                    "percentage":0,
                    "cur":0,
                    "prev":0
                 },
                 "percent_total_sales":{
                    "number":0,
                    "percentage":0,
                    "cur":0,
                    "prev":0
                 },
                 "conversion_rate":{
                    "number":0,
                    "percentage":0,
                    "cur":0,
                    "prev":0
                 },
                 "acos":{
                    "number":0,
                    "percentage":0,
                    "cur":0,
                    "prev":0
                 },
                 "average_cpc":{
                    "number":0,
                    "percentage":0,
                    "cur":0,
                    "prev":0
                 },
                 "units_per_order":{
                    "number":0,
                    "percentage":0,
                    "cur":1,
                    "prev":1
                 }
              },
              "B07YM49H5W":{
                 "sales":{
                    "number":-48.25,
                    "percentage":-71.42857142857143,
                    "cur":19.3,
                    "prev":67.55
                 },
                 "shipped_cogs":{
                    "number":-25.25,
                    "percentage":-71.42857142857143,
                    "cur":10.1,
                    "prev":35.35
                 },
                 "orders":{
                    "number":-5,
                    "percentage":-71.42857142857143,
                    "cur":2,
                    "prev":7
                 },
                 "units_sold":{
                    "number":-5,
                    "percentage":-71.42857142857143,
                    "cur":2,
                    "prev":7
                 },
                 "asp":{
                    "number":0,
                    "percentage":0,
                    "cur":9.65,
                    "prev":9.65
                 },
                 "ad_impressions":{
                    "number":0,
                    "percentage":0,
                    "cur":0,
                    "prev":0
                 },
                 "ad_clicks":{
                    "number":0,
                    "percentage":0,
                    "cur":0,
                    "prev":0
                 },
                 "ad_spend":{
                    "number":0,
                    "percentage":0,
                    "cur":0,
                    "prev":0
                 },
                 "ad_orders":{
                    "number":0,
                    "percentage":0,
                    "cur":0,
                    "prev":0
                 },
                 "ad_sales":{
                    "number":0,
                    "percentage":0,
                    "cur":0,
                    "prev":0
                 },
                 "percent_total_sales":{
                    "number":0,
                    "percentage":0,
                    "cur":0,
                    "prev":0
                 },
                 "conversion_rate":{
                    "number":0,
                    "percentage":0,
                    "cur":0,
                    "prev":0
                 },
                 "acos":{
                    "number":0,
                    "percentage":0,
                    "cur":0,
                    "prev":0
                 },
                 "average_cpc":{
                    "number":0,
                    "percentage":0,
                    "cur":0,
                    "prev":0
                 },
                 "units_per_order":{
                    "number":0,
                    "percentage":0,
                    "cur":1,
                    "prev":1
                 }
              },
              "B071JQ8HJK":{
                 "sales":{
                    "number":-414.48,
                    "percentage":-89.1891891891892,
                    "cur":50.24,
                    "prev":464.72
                 },
                 "shipped_cogs":{
                    "number":-216.15,
                    "percentage":-89.1891891891892,
                    "cur":26.2,
                    "prev":242.35
                 },
                 "orders":{
                    "number":-33,
                    "percentage":-89.1891891891892,
                    "cur":4,
                    "prev":37
                 },
                 "units_sold":{
                    "number":-33,
                    "percentage":-89.1891891891892,
                    "cur":4,
                    "prev":37
                 },
                 "asp":{
                    "number":0,
                    "percentage":0,
                    "cur":12.56,
                    "prev":12.56
                 },
                 "ad_impressions":{
                    "number":0,
                    "percentage":0,
                    "cur":0,
                    "prev":0
                 },
                 "ad_clicks":{
                    "number":0,
                    "percentage":0,
                    "cur":0,
                    "prev":0
                 },
                 "ad_spend":{
                    "number":0,
                    "percentage":0,
                    "cur":0,
                    "prev":0
                 },
                 "ad_orders":{
                    "number":0,
                    "percentage":0,
                    "cur":0,
                    "prev":0
                 },
                 "ad_sales":{
                    "number":0,
                    "percentage":0,
                    "cur":0,
                    "prev":0
                 },
                 "percent_total_sales":{
                    "number":0,
                    "percentage":0,
                    "cur":0,
                    "prev":0
                 },
                 "conversion_rate":{
                    "number":0,
                    "percentage":0,
                    "cur":0,
                    "prev":0
                 },
                 "acos":{
                    "number":0,
                    "percentage":0,
                    "cur":0,
                    "prev":0
                 },
                 "average_cpc":{
                    "number":0,
                    "percentage":0,
                    "cur":0,
                    "prev":0
                 },
                 "units_per_order":{
                    "number":0,
                    "percentage":0,
                    "cur":1,
                    "prev":1
                 }
              },
              "B07RBR1Y83":{
                 "sales":{
                    "number":-565.1999999999999,
                    "percentage":-88.23529411764706,
                    "cur":75.36,
                    "prev":640.56
                 },
                 "shipped_cogs":{
                    "number":-294.75,
                    "percentage":-88.23529411764706,
                    "cur":39.3,
                    "prev":334.05
                 },
                 "orders":{
                    "number":-33,
                    "percentage":-84.61538461538461,
                    "cur":6,
                    "prev":39
                 },
                 "units_sold":{
                    "number":-45,
                    "percentage":-88.23529411764706,
                    "cur":6,
                    "prev":51
                 },
                 "asp":{
                    "number":1.7763568394002505e-15,
                    "percentage":1.4142968466562506e-14,
                    "cur":12.56,
                    "prev":12.559999999999999
                 },
                 "ad_impressions":{
                    "number":0,
                    "percentage":0,
                    "cur":0,
                    "prev":0
                 },
                 "ad_clicks":{
                    "number":0,
                    "percentage":0,
                    "cur":0,
                    "prev":0
                 },
                 "ad_spend":{
                    "number":0,
                    "percentage":0,
                    "cur":0,
                    "prev":0
                 },
                 "ad_orders":{
                    "number":0,
                    "percentage":0,
                    "cur":0,
                    "prev":0
                 },
                 "ad_sales":{
                    "number":0,
                    "percentage":0,
                    "cur":0,
                    "prev":0
                 },
                 "percent_total_sales":{
                    "number":0,
                    "percentage":0,
                    "cur":0,
                    "prev":0
                 },
                 "conversion_rate":{
                    "number":0,
                    "percentage":0,
                    "cur":0,
                    "prev":0
                 },
                 "acos":{
                    "number":0,
                    "percentage":0,
                    "cur":0,
                    "prev":0
                 },
                 "average_cpc":{
                    "number":0,
                    "percentage":0,
                    "cur":0,
                    "prev":0
                 },
                 "units_per_order":{
                    "number":-0.3076923076923077,
                    "percentage":-23.52941176470588,
                    "cur":1,
                    "prev":1.3076923076923077
                 }
              },
              "B07CQNMXN1":{
                 "sales":{
                    "number":-34.82,
                    "percentage":-50,
                    "cur":34.82,
                    "prev":69.64
                 },
                 "shipped_cogs":{
                    "number":-18.1,
                    "percentage":-50,
                    "cur":18.1,
                    "prev":36.2
                 },
                 "orders":{
                    "number":-2,
                    "percentage":-50,
                    "cur":2,
                    "prev":4
                 },
                 "units_sold":{
                    "number":-2,
                    "percentage":-50,
                    "cur":2,
                    "prev":4
                 },
                 "asp":{
                    "number":0,
                    "percentage":0,
                    "cur":17.41,
                    "prev":17.41
                 },
                 "ad_impressions":{
                    "number":0,
                    "percentage":0,
                    "cur":0,
                    "prev":0
                 },
                 "ad_clicks":{
                    "number":0,
                    "percentage":0,
                    "cur":0,
                    "prev":0
                 },
                 "ad_spend":{
                    "number":0,
                    "percentage":0,
                    "cur":0,
                    "prev":0
                 },
                 "ad_orders":{
                    "number":0,
                    "percentage":0,
                    "cur":0,
                    "prev":0
                 },
                 "ad_sales":{
                    "number":0,
                    "percentage":0,
                    "cur":0,
                    "prev":0
                 },
                 "percent_total_sales":{
                    "number":0,
                    "percentage":0,
                    "cur":0,
                    "prev":0
                 },
                 "conversion_rate":{
                    "number":0,
                    "percentage":0,
                    "cur":0,
                    "prev":0
                 },
                 "acos":{
                    "number":0,
                    "percentage":0,
                    "cur":0,
                    "prev":0
                 },
                 "average_cpc":{
                    "number":0,
                    "percentage":0,
                    "cur":0,
                    "prev":0
                 },
                 "units_per_order":{
                    "number":0,
                    "percentage":0,
                    "cur":1,
                    "prev":1
                 }
              },
              "B07F6VB2KW":{
                 "sales":{
                    "number":-1180.6399999999978,
                    "percentage":-94,
                    "cur":75.36,
                    "prev":1255.9999999999977
                 },
                 "shipped_cogs":{
                    "number":-568.7,
                    "percentage":-94,
                    "cur":36.3,
                    "prev":605
                 },
                 "orders":{
                    "number":-93,
                    "percentage":-93.93939393939394,
                    "cur":6,
                    "prev":99
                 },
                 "units_sold":{
                    "number":-94,
                    "percentage":-94,
                    "cur":6,
                    "prev":100
                 },
                 "asp":{
                    "number":2.3092638912203256e-14,
                    "percentage":1.8385859006531289e-13,
                    "cur":12.56,
                    "prev":12.559999999999977
                 },
                 "ad_impressions":{
                    "number":0,
                    "percentage":0,
                    "cur":0,
                    "prev":0
                 },
                 "ad_clicks":{
                    "number":0,
                    "percentage":0,
                    "cur":0,
                    "prev":0
                 },
                 "ad_spend":{
                    "number":0,
                    "percentage":0,
                    "cur":0,
                    "prev":0
                 },
                 "ad_orders":{
                    "number":0,
                    "percentage":0,
                    "cur":0,
                    "prev":0
                 },
                 "ad_sales":{
                    "number":0,
                    "percentage":0,
                    "cur":0,
                    "prev":0
                 },
                 "percent_total_sales":{
                    "number":0,
                    "percentage":0,
                    "cur":0,
                    "prev":0
                 },
                 "conversion_rate":{
                    "number":0,
                    "percentage":0,
                    "cur":0,
                    "prev":0
                 },
                 "acos":{
                    "number":0,
                    "percentage":0,
                    "cur":0,
                    "prev":0
                 },
                 "average_cpc":{
                    "number":0,
                    "percentage":0,
                    "cur":0,
                    "prev":0
                 },
                 "units_per_order":{
                    "number":-0.010101010101010166,
                    "percentage":-1.0000000000000064,
                    "cur":1,
                    "prev":1.0101010101010102
                 }
              },
              "B0825TLBZD":{
                 "sales":{
                    "number":-38673.25,
                    "percentage":-99.90054699154649,
                    "cur":38.5,
                    "prev":38711.75
                 },
                 "shipped_cogs":{
                    "number":-25112.5,
                    "percentage":-99.90054699154649,
                    "cur":25,
                    "prev":25137.5
                 },
                 "orders":{
                    "number":-1803,
                    "percentage":-99.88919667590028,
                    "cur":2,
                    "prev":1805
                 },
                 "units_sold":{
                    "number":-2009,
                    "percentage":-99.90054699154649,
                    "cur":2,
                    "prev":2011
                 },
                 "asp":{
                    "number":0,
                    "percentage":0,
                    "cur":19.25,
                    "prev":19.25
                 },
                 "ad_impressions":{
                    "number":0,
                    "percentage":0,
                    "cur":0,
                    "prev":0
                 },
                 "ad_clicks":{
                    "number":0,
                    "percentage":0,
                    "cur":0,
                    "prev":0
                 },
                 "ad_spend":{
                    "number":0,
                    "percentage":0,
                    "cur":0,
                    "prev":0
                 },
                 "ad_orders":{
                    "number":0,
                    "percentage":0,
                    "cur":0,
                    "prev":0
                 },
                 "ad_sales":{
                    "number":0,
                    "percentage":0,
                    "cur":0,
                    "prev":0
                 },
                 "percent_total_sales":{
                    "number":0,
                    "percentage":0,
                    "cur":0,
                    "prev":0
                 },
                 "conversion_rate":{
                    "number":0,
                    "percentage":0,
                    "cur":0,
                    "prev":0
                 },
                 "acos":{
                    "number":0,
                    "percentage":0,
                    "cur":0,
                    "prev":0
                 },
                 "average_cpc":{
                    "number":0,
                    "percentage":0,
                    "cur":0,
                    "prev":0
                 },
                 "units_per_order":{
                    "number":-0.11412742382271479,
                    "percentage":-10.243659870711099,
                    "cur":1,
                    "prev":1.1141274238227148
                 }
              },
              "B08LMCVM1S":{
                 "sales":{
                    "number":-522.45,
                    "percentage":-96.42857142857143,
                    "cur":19.35,
                    "prev":541.8000000000001
                 },
                 "shipped_cogs":{
                    "number":-272.7,
                    "percentage":-96.42857142857142,
                    "cur":10.1,
                    "prev":282.8
                 },
                 "orders":{
                    "number":-27,
                    "percentage":-96.42857142857143,
                    "cur":1,
                    "prev":28
                 },
                 "units_sold":{
                    "number":-27,
                    "percentage":-96.42857142857143,
                    "cur":1,
                    "prev":28
                 },
                 "asp":{
                    "number":0,
                    "percentage":0,
                    "cur":19.35,
                    "prev":19.35
                 },
                 "ad_impressions":{
                    "number":0,
                    "percentage":0,
                    "cur":0,
                    "prev":0
                 },
                 "ad_clicks":{
                    "number":0,
                    "percentage":0,
                    "cur":0,
                    "prev":0
                 },
                 "ad_spend":{
                    "number":0,
                    "percentage":0,
                    "cur":0,
                    "prev":0
                 },
                 "ad_orders":{
                    "number":0,
                    "percentage":0,
                    "cur":0,
                    "prev":0
                 },
                 "ad_sales":{
                    "number":0,
                    "percentage":0,
                    "cur":0,
                    "prev":0
                 },
                 "percent_total_sales":{
                    "number":0,
                    "percentage":0,
                    "cur":0,
                    "prev":0
                 },
                 "conversion_rate":{
                    "number":0,
                    "percentage":0,
                    "cur":0,
                    "prev":0
                 },
                 "acos":{
                    "number":0,
                    "percentage":0,
                    "cur":0,
                    "prev":0
                 },
                 "average_cpc":{
                    "number":0,
                    "percentage":0,
                    "cur":0,
                    "prev":0
                 },
                 "units_per_order":{
                    "number":0,
                    "percentage":0,
                    "cur":1,
                    "prev":1
                 }
              },
              "B08LP2ZLKL":{
                 "sales":{
                    "number":-139.28,
                    "percentage":-88.8888888888889,
                    "cur":17.41,
                    "prev":156.69
                 },
                 "shipped_cogs":{
                    "number":-72.4,
                    "percentage":-88.8888888888889,
                    "cur":9.05,
                    "prev":81.45
                 },
                 "orders":{
                    "number":-8,
                    "percentage":-88.88888888888889,
                    "cur":1,
                    "prev":9
                 },
                 "units_sold":{
                    "number":-8,
                    "percentage":-88.88888888888889,
                    "cur":1,
                    "prev":9
                 },
                 "asp":{
                    "number":0,
                    "percentage":0,
                    "cur":17.41,
                    "prev":17.41
                 },
                 "ad_impressions":{
                    "number":0,
                    "percentage":0,
                    "cur":0,
                    "prev":0
                 },
                 "ad_clicks":{
                    "number":0,
                    "percentage":0,
                    "cur":0,
                    "prev":0
                 },
                 "ad_spend":{
                    "number":0,
                    "percentage":0,
                    "cur":0,
                    "prev":0
                 },
                 "ad_orders":{
                    "number":0,
                    "percentage":0,
                    "cur":0,
                    "prev":0
                 },
                 "ad_sales":{
                    "number":0,
                    "percentage":0,
                    "cur":0,
                    "prev":0
                 },
                 "percent_total_sales":{
                    "number":0,
                    "percentage":0,
                    "cur":0,
                    "prev":0
                 },
                 "conversion_rate":{
                    "number":0,
                    "percentage":0,
                    "cur":0,
                    "prev":0
                 },
                 "acos":{
                    "number":0,
                    "percentage":0,
                    "cur":0,
                    "prev":0
                 },
                 "average_cpc":{
                    "number":0,
                    "percentage":0,
                    "cur":0,
                    "prev":0
                 },
                 "units_per_order":{
                    "number":0,
                    "percentage":0,
                    "cur":1,
                    "prev":1
                 }
              }
           },
           "summary":{
              "sales":{
                 "number":-94359.26000000005,
                 "percentage":-96.42446964848428,
                 "cur":3498.95,
                 "prev":97858.21000000005
              },
              "shipped_cogs":{
                 "number":-57050.200000000004,
                 "percentage":-96.86221843414836,
                 "cur":1848.0999999999995,
                 "prev":58898.3
              },
              "orders":{
                 "number":-5677,
                 "percentage":-95.91147153235345,
                 "cur":242,
                 "prev":5919
              },
              "units_sold":{
                 "number":-6387,
                 "percentage":-95.95853365384616,
                 "cur":269,
                 "prev":6656
              },
              "asp":{
                 "number":-1.6950060375411145,
                 "percentage":-11.528884685172203,
                 "cur":13.00724907063197,
                 "prev":14.702255108173084
              },
              "ad_impressions":{
                 "number":-2380,
                 "percentage":-97.22222222222221,
                 "cur":68,
                 "prev":2448
              },
              "ad_clicks":{
                 "number":-3,
                 "percentage":-75,
                 "cur":1,
                 "prev":4
              },
              "ad_spend":{
                 "number":-3.5299999999999994,
                 "percentage":-84.04761904761905,
                 "cur":0.67,
                 "prev":4.199999999999999
              },
              "ad_orders":{
                 "number":0,
                 "percentage":0,
                 "cur":0,
                 "prev":0
              },
              "ad_sales":{
                 "number":0,
                 "percentage":0,
                 "cur":0,
                 "prev":0
              },
              "percent_total_sales":{
                 "number":0,
                 "percentage":0,
                 "cur":0,
                 "prev":0
              },
              "conversion_rate":{
                 "number":0,
                 "percentage":0,
                 "cur":0,
                 "prev":0
              },
              "acos":{
                 "number":0,
                 "percentage":0,
                 "cur":9999.99,
                 "prev":9999.99
              },
              "average_cpc":{
                 "number":-0.3799999999999998,
                 "percentage":-36.190476190476176,
                 "cur":0.67,
                 "prev":1.0499999999999998
              },
              "units_per_order":{
                 "number":-0.012944028126260942,
                 "percentage":-1.1510772608073696,
                 "cur":1.1115702479338843,
                 "prev":1.1245142760601452
              }
           }
        },
        {
           "itemized":{
              "B07F6VB2KW":{
                 "sales":{
                    "number":841.5199999999977,
                    "percentage":203.03030303030246,
                    "cur":1255.9999999999977,
                    "prev":414.48
                 },
                 "shipped_cogs":{
                    "number":405.35,
                    "percentage":203.03030303030303,
                    "cur":605,
                    "prev":199.65
                 },
                 "orders":{
                    "number":66,
                    "percentage":200,
                    "cur":99,
                    "prev":33
                 },
                 "units_sold":{
                    "number":67,
                    "percentage":203.03030303030303,
                    "cur":100,
                    "prev":33
                 },
                 "asp":{
                    "number":-2.3092638912203256e-14,
                    "percentage":-1.8385859006531253e-13,
                    "cur":12.559999999999977,
                    "prev":12.56
                 },
                 "ad_impressions":{
                    "number":0,
                    "percentage":0,
                    "cur":0,
                    "prev":0
                 },
                 "ad_clicks":{
                    "number":0,
                    "percentage":0,
                    "cur":0,
                    "prev":0
                 },
                 "ad_spend":{
                    "number":0,
                    "percentage":0,
                    "cur":0,
                    "prev":0
                 },
                 "ad_orders":{
                    "number":0,
                    "percentage":0,
                    "cur":0,
                    "prev":0
                 },
                 "ad_sales":{
                    "number":0,
                    "percentage":0,
                    "cur":0,
                    "prev":0
                 },
                 "percent_total_sales":{
                    "number":0,
                    "percentage":0,
                    "cur":0,
                    "prev":0
                 },
                 "conversion_rate":{
                    "number":0,
                    "percentage":0,
                    "cur":0,
                    "prev":0
                 },
                 "acos":{
                    "number":0,
                    "percentage":0,
                    "cur":0,
                    "prev":0
                 },
                 "average_cpc":{
                    "number":0,
                    "percentage":0,
                    "cur":0,
                    "prev":0
                 },
                 "units_per_order":{
                    "number":0.010101010101010166,
                    "percentage":1.0101010101010166,
                    "cur":1.0101010101010102,
                    "prev":1
                 }
              },
              "B0825TLBZD":{
                 "sales":{
                    "number":29581.649999999998,
                    "percentage":324.00138005060177,
                    "cur":38711.75,
                    "prev":9130.100000000002
                 },
                 "shipped_cogs":{
                    "number":19237.5,
                    "percentage":326.0593220338983,
                    "cur":25137.5,
                    "prev":5900
                 },
                 "orders":{
                    "number":1374,
                    "percentage":318.79350348027845,
                    "cur":1805,
                    "prev":431
                 },
                 "units_sold":{
                    "number":1539,
                    "percentage":326.0593220338983,
                    "cur":2011,
                    "prev":472
                 },
                 "asp":{
                    "number":-0.09343220338983471,
                    "percentage":-0.4830177106494121,
                    "cur":19.25,
                    "prev":19.343432203389835
                 },
                 "ad_impressions":{
                    "number":0,
                    "percentage":0,
                    "cur":0,
                    "prev":0
                 },
                 "ad_clicks":{
                    "number":0,
                    "percentage":0,
                    "cur":0,
                    "prev":0
                 },
                 "ad_spend":{
                    "number":0,
                    "percentage":0,
                    "cur":0,
                    "prev":0
                 },
                 "ad_orders":{
                    "number":0,
                    "percentage":0,
                    "cur":0,
                    "prev":0
                 },
                 "ad_sales":{
                    "number":0,
                    "percentage":0,
                    "cur":0,
                    "prev":0
                 },
                 "percent_total_sales":{
                    "number":0,
                    "percentage":0,
                    "cur":0,
                    "prev":0
                 },
                 "conversion_rate":{
                    "number":0,
                    "percentage":0,
                    "cur":0,
                    "prev":0
                 },
                 "acos":{
                    "number":0,
                    "percentage":0,
                    "cur":0,
                    "prev":0
                 },
                 "average_cpc":{
                    "number":0,
                    "percentage":0,
                    "cur":0,
                    "prev":0
                 },
                 "units_per_order":{
                    "number":0.01899981361389802,
                    "percentage":1.734940607540264,
                    "cur":1.1141274238227148,
                    "prev":1.0951276102088168
                 }
              },
              "B08LP44V4B":{
                 "sales":{
                    "number":3599.1000000000076,
                    "percentage":43.25581395348848,
                    "cur":11919.600000000006,
                    "prev":8320.499999999998
                 },
                 "shipped_cogs":{
                    "number":1878.5999999999995,
                    "percentage":43.25581395348836,
                    "cur":6221.599999999999,
                    "prev":4343
                 },
                 "orders":{
                    "number":159,
                    "percentage":39.75,
                    "cur":559,
                    "prev":400
                 },
                 "units_sold":{
                    "number":186,
                    "percentage":43.25581395348837,
                    "cur":616,
                    "prev":430
                 },
                 "asp":{
                    "number":1.4210854715202004e-14,
                    "percentage":7.344110963928687e-14,
                    "cur":19.35000000000001,
                    "prev":19.349999999999994
                 },
                 "ad_impressions":{
                    "number":0,
                    "percentage":0,
                    "cur":0,
                    "prev":0
                 },
                 "ad_clicks":{
                    "number":0,
                    "percentage":0,
                    "cur":0,
                    "prev":0
                 },
                 "ad_spend":{
                    "number":0,
                    "percentage":0,
                    "cur":0,
                    "prev":0
                 },
                 "ad_orders":{
                    "number":0,
                    "percentage":0,
                    "cur":0,
                    "prev":0
                 },
                 "ad_sales":{
                    "number":0,
                    "percentage":0,
                    "cur":0,
                    "prev":0
                 },
                 "percent_total_sales":{
                    "number":0,
                    "percentage":0,
                    "cur":0,
                    "prev":0
                 },
                 "conversion_rate":{
                    "number":0,
                    "percentage":0,
                    "cur":0,
                    "prev":0
                 },
                 "acos":{
                    "number":0,
                    "percentage":0,
                    "cur":0,
                    "prev":0
                 },
                 "average_cpc":{
                    "number":0,
                    "percentage":0,
                    "cur":0,
                    "prev":0
                 },
                 "units_per_order":{
                    "number":0.026967799642218182,
                    "percentage":2.5086325248575054,
                    "cur":1.1019677996422181,
                    "prev":1.075
                 }
              },
              "B07R4PXC7B":{
                 "sales":{
                    "number":-389.3599999999976,
                    "percentage":-22.79411764705874,
                    "cur":1318.7999999999981,
                    "prev":1708.1599999999958
                 },
                 "shipped_cogs":{
                    "number":-203.04999999999995,
                    "percentage":-22.79411764705882,
                    "cur":687.75,
                    "prev":890.8
                 },
                 "orders":{
                    "number":-33,
                    "percentage":-25.581395348837212,
                    "cur":96,
                    "prev":129
                 },
                 "units_sold":{
                    "number":-31,
                    "percentage":-22.794117647058822,
                    "cur":105,
                    "prev":136
                 },
                 "asp":{
                    "number":1.4210854715202004e-14,
                    "percentage":1.1314374773250031e-13,
                    "cur":12.559999999999983,
                    "prev":12.559999999999969
                 },
                 "ad_impressions":{
                    "number":1497,
                    "percentage":972.077922077922,
                    "cur":1651,
                    "prev":154
                 },
                 "ad_clicks":{
                    "number":0,
                    "percentage":0,
                    "cur":1,
                    "prev":1
                 },
                 "ad_spend":{
                    "number":0.6199999999999999,
                    "percentage":121.56862745098036,
                    "cur":1.13,
                    "prev":0.51
                 },
                 "ad_orders":{
                    "number":-2,
                    "percentage":0,
                    "cur":0,
                    "prev":2
                 },
                 "ad_sales":{
                    "number":-22.55,
                    "percentage":0,
                    "cur":0,
                    "prev":22.55
                 },
                 "percent_total_sales":{
                    "number":-1.3201339452978678,
                    "percentage":0,
                    "cur":0,
                    "prev":1.3201339452978678
                 },
                 "conversion_rate":{
                    "number":-200,
                    "percentage":0,
                    "cur":0,
                    "prev":200
                 },
                 "acos":{
                    "number":9997.728359201774,
                    "percentage":442056.4205882353,
                    "cur":9999.99,
                    "prev":2.261640798226164
                 },
                 "average_cpc":{
                    "number":0.6199999999999999,
                    "percentage":121.56862745098036,
                    "cur":1.13,
                    "prev":0.51
                 },
                 "units_per_order":{
                    "number":0.039486434108527035,
                    "percentage":3.7454044117646967,
                    "cur":1.09375,
                    "prev":1.054263565891473
                 }
              },
              "B014JXJ2S4":{
                 "sales":{
                    "number":27347.350000000024,
                    "percentage":2874.885676741134,
                    "cur":28298.600000000024,
                    "prev":951.2499999999995
                 },
                 "shipped_cogs":{
                    "number":17219.949999999997,
                    "percentage":2987.4999999999995,
                    "cur":17796.35,
                    "prev":576.4
                 },
                 "orders":{
                    "number":2260,
                    "percentage":3054.054054054054,
                    "cur":2334,
                    "prev":74
                 },
                 "units_sold":{
                    "number":2629,
                    "percentage":2987.5,
                    "cur":2717,
                    "prev":88
                 },
                 "asp":{
                    "number":-0.3942744755244618,
                    "percentage":-3.6474274739713692,
                    "cur":10.415384615384625,
                    "prev":10.809659090909086
                 },
                 "ad_impressions":{
                    "number":0,
                    "percentage":0,
                    "cur":0,
                    "prev":0
                 },
                 "ad_clicks":{
                    "number":0,
                    "percentage":0,
                    "cur":0,
                    "prev":0
                 },
                 "ad_spend":{
                    "number":0,
                    "percentage":0,
                    "cur":0,
                    "prev":0
                 },
                 "ad_orders":{
                    "number":0,
                    "percentage":0,
                    "cur":0,
                    "prev":0
                 },
                 "ad_sales":{
                    "number":0,
                    "percentage":0,
                    "cur":0,
                    "prev":0
                 },
                 "percent_total_sales":{
                    "number":0,
                    "percentage":0,
                    "cur":0,
                    "prev":0
                 },
                 "conversion_rate":{
                    "number":0,
                    "percentage":0,
                    "cur":0,
                    "prev":0
                 },
                 "acos":{
                    "number":0,
                    "percentage":0,
                    "cur":0,
                    "prev":0
                 },
                 "average_cpc":{
                    "number":0,
                    "percentage":0,
                    "cur":0,
                    "prev":0
                 },
                 "units_per_order":{
                    "number":-0.02509321660992625,
                    "percentage":-2.110111396743798,
                    "cur":1.164095972579263,
                    "prev":1.1891891891891893
                 }
              },
              "B07XD4M51J":{
                 "sales":{
                    "number":-18297.910000000003,
                    "percentage":-73.65101611772951,
                    "cur":6546.160000000001,
                    "prev":24844.070000000003
                 },
                 "shipped_cogs":{
                    "number":-9511.55,
                    "percentage":-73.6510161177295,
                    "cur":3402.8,
                    "prev":12914.35
                 },
                 "orders":{
                    "number":-963,
                    "percentage":-74.36293436293437,
                    "cur":332,
                    "prev":1295
                 },
                 "units_sold":{
                    "number":-1051,
                    "percentage":-73.65101611772951,
                    "cur":376,
                    "prev":1427
                 },
                 "asp":{
                    "number":0,
                    "percentage":0,
                    "cur":17.410000000000004,
                    "prev":17.410000000000004
                 },
                 "ad_impressions":{
                    "number":0,
                    "percentage":0,
                    "cur":0,
                    "prev":0
                 },
                 "ad_clicks":{
                    "number":0,
                    "percentage":0,
                    "cur":0,
                    "prev":0
                 },
                 "ad_spend":{
                    "number":0,
                    "percentage":0,
                    "cur":0,
                    "prev":0
                 },
                 "ad_orders":{
                    "number":0,
                    "percentage":0,
                    "cur":0,
                    "prev":0
                 },
                 "ad_sales":{
                    "number":0,
                    "percentage":0,
                    "cur":0,
                    "prev":0
                 },
                 "percent_total_sales":{
                    "number":0,
                    "percentage":0,
                    "cur":0,
                    "prev":0
                 },
                 "conversion_rate":{
                    "number":0,
                    "percentage":0,
                    "cur":0,
                    "prev":0
                 },
                 "acos":{
                    "number":0,
                    "percentage":0,
                    "cur":0,
                    "prev":0
                 },
                 "average_cpc":{
                    "number":0,
                    "percentage":0,
                    "cur":0,
                    "prev":0
                 },
                 "units_per_order":{
                    "number":0.0305996185514259,
                    "percentage":2.776910022711741,
                    "cur":1.1325301204819278,
                    "prev":1.101930501930502
                 }
              },
              "B08CM4TBYT":{
                 "sales":{
                    "number":-7508.220000000001,
                    "percentage":-95.06578947368422,
                    "cur":389.70000000000016,
                    "prev":7897.920000000001
                 },
                 "shipped_cogs":{
                    "number":-3496.9,
                    "percentage":-95.06578947368422,
                    "cur":181.5,
                    "prev":3678.4
                 },
                 "orders":{
                    "number":-504,
                    "percentage":-94.3820224719101,
                    "cur":30,
                    "prev":534
                 },
                 "units_sold":{
                    "number":-578,
                    "percentage":-95.06578947368422,
                    "cur":30,
                    "prev":608
                 },
                 "asp":{
                    "number":3.552713678800501e-15,
                    "percentage":2.73496049176328e-14,
                    "cur":12.990000000000006,
                    "prev":12.990000000000002
                 },
                 "ad_impressions":{
                    "number":0,
                    "percentage":0,
                    "cur":0,
                    "prev":0
                 },
                 "ad_clicks":{
                    "number":0,
                    "percentage":0,
                    "cur":0,
                    "prev":0
                 },
                 "ad_spend":{
                    "number":0,
                    "percentage":0,
                    "cur":0,
                    "prev":0
                 },
                 "ad_orders":{
                    "number":0,
                    "percentage":0,
                    "cur":0,
                    "prev":0
                 },
                 "ad_sales":{
                    "number":0,
                    "percentage":0,
                    "cur":0,
                    "prev":0
                 },
                 "percent_total_sales":{
                    "number":0,
                    "percentage":0,
                    "cur":0,
                    "prev":0
                 },
                 "conversion_rate":{
                    "number":0,
                    "percentage":0,
                    "cur":0,
                    "prev":0
                 },
                 "acos":{
                    "number":0,
                    "percentage":0,
                    "cur":0,
                    "prev":0
                 },
                 "average_cpc":{
                    "number":0,
                    "percentage":0,
                    "cur":0,
                    "prev":0
                 },
                 "units_per_order":{
                    "number":-0.13857677902621712,
                    "percentage":-12.17105263157894,
                    "cur":1,
                    "prev":1.1385767790262171
                 }
              },
              "B07C584K4Y":{
                 "sales":{
                    "number":-52.23000000000013,
                    "percentage":-6.382978723404271,
                    "cur":766.0399999999998,
                    "prev":818.27
                 },
                 "shipped_cogs":{
                    "number":-27.149999999999977,
                    "percentage":-6.382978723404249,
                    "cur":398.20000000000005,
                    "prev":425.35
                 },
                 "orders":{
                    "number":-1,
                    "percentage":-2.2222222222222223,
                    "cur":44,
                    "prev":45
                 },
                 "units_sold":{
                    "number":-3,
                    "percentage":-6.382978723404255,
                    "cur":44,
                    "prev":47
                 },
                 "asp":{
                    "number":-3.552713678800501e-15,
                    "percentage":-2.0406167023552563e-14,
                    "cur":17.409999999999997,
                    "prev":17.41
                 },
                 "ad_impressions":{
                    "number":0,
                    "percentage":0,
                    "cur":0,
                    "prev":0
                 },
                 "ad_clicks":{
                    "number":0,
                    "percentage":0,
                    "cur":0,
                    "prev":0
                 },
                 "ad_spend":{
                    "number":0,
                    "percentage":0,
                    "cur":0,
                    "prev":0
                 },
                 "ad_orders":{
                    "number":0,
                    "percentage":0,
                    "cur":0,
                    "prev":0
                 },
                 "ad_sales":{
                    "number":0,
                    "percentage":0,
                    "cur":0,
                    "prev":0
                 },
                 "percent_total_sales":{
                    "number":0,
                    "percentage":0,
                    "cur":0,
                    "prev":0
                 },
                 "conversion_rate":{
                    "number":0,
                    "percentage":0,
                    "cur":0,
                    "prev":0
                 },
                 "acos":{
                    "number":0,
                    "percentage":0,
                    "cur":0,
                    "prev":0
                 },
                 "average_cpc":{
                    "number":0,
                    "percentage":0,
                    "cur":0,
                    "prev":0
                 },
                 "units_per_order":{
                    "number":-0.04444444444444451,
                    "percentage":-4.255319148936176,
                    "cur":1,
                    "prev":1.0444444444444445
                 }
              },
              "B07XF7CHPC":{
                 "sales":{
                    "number":270.1999999999995,
                    "percentage":127.27272727272701,
                    "cur":482.49999999999955,
                    "prev":212.30000000000004
                 },
                 "shipped_cogs":{
                    "number":141.4,
                    "percentage":127.2727272727273,
                    "cur":252.5,
                    "prev":111.1
                 },
                 "orders":{
                    "number":28,
                    "percentage":127.27272727272727,
                    "cur":50,
                    "prev":22
                 },
                 "units_sold":{
                    "number":28,
                    "percentage":127.27272727272727,
                    "cur":50,
                    "prev":22
                 },
                 "asp":{
                    "number":-1.0658141036401503e-14,
                    "percentage":-1.1044705737203627e-13,
                    "cur":9.649999999999991,
                    "prev":9.650000000000002
                 },
                 "ad_impressions":{
                    "number":0,
                    "percentage":0,
                    "cur":0,
                    "prev":0
                 },
                 "ad_clicks":{
                    "number":0,
                    "percentage":0,
                    "cur":0,
                    "prev":0
                 },
                 "ad_spend":{
                    "number":0,
                    "percentage":0,
                    "cur":0,
                    "prev":0
                 },
                 "ad_orders":{
                    "number":0,
                    "percentage":0,
                    "cur":0,
                    "prev":0
                 },
                 "ad_sales":{
                    "number":0,
                    "percentage":0,
                    "cur":0,
                    "prev":0
                 },
                 "percent_total_sales":{
                    "number":0,
                    "percentage":0,
                    "cur":0,
                    "prev":0
                 },
                 "conversion_rate":{
                    "number":0,
                    "percentage":0,
                    "cur":0,
                    "prev":0
                 },
                 "acos":{
                    "number":0,
                    "percentage":0,
                    "cur":0,
                    "prev":0
                 },
                 "average_cpc":{
                    "number":0,
                    "percentage":0,
                    "cur":0,
                    "prev":0
                 },
                 "units_per_order":{
                    "number":0,
                    "percentage":0,
                    "cur":1,
                    "prev":1
                 }
              },
              "B075ZGCSD9":{
                 "sales":{
                    "number":-4578.829999999999,
                    "percentage":-95.63636363636363,
                    "cur":208.92,
                    "prev":4787.749999999999
                 },
                 "shipped_cogs":{
                    "number":-2380.15,
                    "percentage":-95.63636363636364,
                    "cur":108.60000000000001,
                    "prev":2488.75
                 },
                 "orders":{
                    "number":-221,
                    "percentage":-94.84978540772532,
                    "cur":12,
                    "prev":233
                 },
                 "units_sold":{
                    "number":-263,
                    "percentage":-95.63636363636364,
                    "cur":12,
                    "prev":275
                 },
                 "asp":{
                    "number":3.552713678800501e-15,
                    "percentage":2.0406167023552563e-14,
                    "cur":17.41,
                    "prev":17.409999999999997
                 },
                 "ad_impressions":{
                    "number":0,
                    "percentage":0,
                    "cur":0,
                    "prev":0
                 },
                 "ad_clicks":{
                    "number":0,
                    "percentage":0,
                    "cur":0,
                    "prev":0
                 },
                 "ad_spend":{
                    "number":0,
                    "percentage":0,
                    "cur":0,
                    "prev":0
                 },
                 "ad_orders":{
                    "number":0,
                    "percentage":0,
                    "cur":0,
                    "prev":0
                 },
                 "ad_sales":{
                    "number":0,
                    "percentage":0,
                    "cur":0,
                    "prev":0
                 },
                 "percent_total_sales":{
                    "number":0,
                    "percentage":0,
                    "cur":0,
                    "prev":0
                 },
                 "conversion_rate":{
                    "number":0,
                    "percentage":0,
                    "cur":0,
                    "prev":0
                 },
                 "acos":{
                    "number":0,
                    "percentage":0,
                    "cur":0,
                    "prev":0
                 },
                 "average_cpc":{
                    "number":0,
                    "percentage":0,
                    "cur":0,
                    "prev":0
                 },
                 "units_per_order":{
                    "number":-0.18025751072961382,
                    "percentage":-15.272727272727279,
                    "cur":1,
                    "prev":1.1802575107296138
                 }
              },
              "B07X8YJC19":{
                 "sales":{
                    "number":278.1599999999999,
                    "percentage":184.61538461538453,
                    "cur":428.8299999999999,
                    "prev":150.67000000000002
                 },
                 "shipped_cogs":{
                    "number":145.2,
                    "percentage":184.6153846153846,
                    "cur":223.85,
                    "prev":78.64999999999999
                 },
                 "orders":{
                    "number":24,
                    "percentage":184.6153846153846,
                    "cur":37,
                    "prev":13
                 },
                 "units_sold":{
                    "number":24,
                    "percentage":184.6153846153846,
                    "cur":37,
                    "prev":13
                 },
                 "asp":{
                    "number":-3.552713678800501e-15,
                    "percentage":-3.06532672890466e-14,
                    "cur":11.589999999999998,
                    "prev":11.590000000000002
                 },
                 "ad_impressions":{
                    "number":0,
                    "percentage":0,
                    "cur":0,
                    "prev":0
                 },
                 "ad_clicks":{
                    "number":0,
                    "percentage":0,
                    "cur":0,
                    "prev":0
                 },
                 "ad_spend":{
                    "number":0,
                    "percentage":0,
                    "cur":0,
                    "prev":0
                 },
                 "ad_orders":{
                    "number":0,
                    "percentage":0,
                    "cur":0,
                    "prev":0
                 },
                 "ad_sales":{
                    "number":0,
                    "percentage":0,
                    "cur":0,
                    "prev":0
                 },
                 "percent_total_sales":{
                    "number":0,
                    "percentage":0,
                    "cur":0,
                    "prev":0
                 },
                 "conversion_rate":{
                    "number":0,
                    "percentage":0,
                    "cur":0,
                    "prev":0
                 },
                 "acos":{
                    "number":0,
                    "percentage":0,
                    "cur":0,
                    "prev":0
                 },
                 "average_cpc":{
                    "number":0,
                    "percentage":0,
                    "cur":0,
                    "prev":0
                 },
                 "units_per_order":{
                    "number":0,
                    "percentage":0,
                    "cur":1,
                    "prev":1
                 }
              },
              "B07F6WYYJ5":{
                 "sales":{
                    "number":-539.7100000000004,
                    "percentage":-44.927536231884076,
                    "cur":661.58,
                    "prev":1201.2900000000004
                 },
                 "shipped_cogs":{
                    "number":-280.55,
                    "percentage":-44.927536231884055,
                    "cur":343.90000000000003,
                    "prev":624.45
                 },
                 "orders":{
                    "number":-31,
                    "percentage":-44.927536231884055,
                    "cur":38,
                    "prev":69
                 },
                 "units_sold":{
                    "number":-31,
                    "percentage":-44.927536231884055,
                    "cur":38,
                    "prev":69
                 },
                 "asp":{
                    "number":-7.105427357601002e-15,
                    "percentage":-4.08123340471051e-14,
                    "cur":17.41,
                    "prev":17.410000000000007
                 },
                 "ad_impressions":{
                    "number":0,
                    "percentage":0,
                    "cur":0,
                    "prev":0
                 },
                 "ad_clicks":{
                    "number":0,
                    "percentage":0,
                    "cur":0,
                    "prev":0
                 },
                 "ad_spend":{
                    "number":0,
                    "percentage":0,
                    "cur":0,
                    "prev":0
                 },
                 "ad_orders":{
                    "number":0,
                    "percentage":0,
                    "cur":0,
                    "prev":0
                 },
                 "ad_sales":{
                    "number":0,
                    "percentage":0,
                    "cur":0,
                    "prev":0
                 },
                 "percent_total_sales":{
                    "number":0,
                    "percentage":0,
                    "cur":0,
                    "prev":0
                 },
                 "conversion_rate":{
                    "number":0,
                    "percentage":0,
                    "cur":0,
                    "prev":0
                 },
                 "acos":{
                    "number":0,
                    "percentage":0,
                    "cur":0,
                    "prev":0
                 },
                 "average_cpc":{
                    "number":0,
                    "percentage":0,
                    "cur":0,
                    "prev":0
                 },
                 "units_per_order":{
                    "number":0,
                    "percentage":0,
                    "cur":1,
                    "prev":1
                 }
              },
              "B07RHQMVKH":{
                 "sales":{
                    "number":414.47999999999934,
                    "percentage":54.999999999999986,
                    "cur":1168.0799999999983,
                    "prev":753.599999999999
                 },
                 "shipped_cogs":{
                    "number":216.14999999999998,
                    "percentage":54.99999999999999,
                    "cur":609.15,
                    "prev":393
                 },
                 "orders":{
                    "number":33,
                    "percentage":55.00000000000001,
                    "cur":93,
                    "prev":60
                 },
                 "units_sold":{
                    "number":33,
                    "percentage":55.00000000000001,
                    "cur":93,
                    "prev":60
                 },
                 "asp":{
                    "number":0,
                    "percentage":0,
                    "cur":12.559999999999983,
                    "prev":12.559999999999983
                 },
                 "ad_impressions":{
                    "number":771,
                    "percentage":2965.3846153846152,
                    "cur":797,
                    "prev":26
                 },
                 "ad_clicks":{
                    "number":3,
                    "percentage":9999.99,
                    "cur":3,
                    "prev":0
                 },
                 "ad_spend":{
                    "number":3.07,
                    "percentage":9999.99,
                    "cur":3.07,
                    "prev":0
                 },
                 "ad_orders":{
                    "number":0,
                    "percentage":0,
                    "cur":0,
                    "prev":0
                 },
                 "ad_sales":{
                    "number":0,
                    "percentage":0,
                    "cur":0,
                    "prev":0
                 },
                 "percent_total_sales":{
                    "number":0,
                    "percentage":0,
                    "cur":0,
                    "prev":0
                 },
                 "conversion_rate":{
                    "number":0,
                    "percentage":0,
                    "cur":0,
                    "prev":0
                 },
                 "acos":{
                    "number":9999.99,
                    "percentage":9999.99,
                    "cur":9999.99,
                    "prev":0
                 },
                 "average_cpc":{
                    "number":1.0233333333333332,
                    "percentage":9999.99,
                    "cur":1.0233333333333332,
                    "prev":0
                 },
                 "units_per_order":{
                    "number":0,
                    "percentage":0,
                    "cur":1,
                    "prev":1
                 }
              },
              "B071JQ8HJK":{
                 "sales":{
                    "number":-602.8799999999994,
                    "percentage":-56.470588235294095,
                    "cur":464.72,
                    "prev":1067.5999999999995
                 },
                 "shipped_cogs":{
                    "number":-314.4,
                    "percentage":-56.470588235294116,
                    "cur":242.35,
                    "prev":556.75
                 },
                 "orders":{
                    "number":-44,
                    "percentage":-54.32098765432099,
                    "cur":37,
                    "prev":81
                 },
                 "units_sold":{
                    "number":-48,
                    "percentage":-56.470588235294116,
                    "cur":37,
                    "prev":85
                 },
                 "asp":{
                    "number":7.105427357601002e-15,
                    "percentage":5.6571873866250043e-14,
                    "cur":12.56,
                    "prev":12.559999999999993
                 },
                 "ad_impressions":{
                    "number":0,
                    "percentage":0,
                    "cur":0,
                    "prev":0
                 },
                 "ad_clicks":{
                    "number":0,
                    "percentage":0,
                    "cur":0,
                    "prev":0
                 },
                 "ad_spend":{
                    "number":0,
                    "percentage":0,
                    "cur":0,
                    "prev":0
                 },
                 "ad_orders":{
                    "number":0,
                    "percentage":0,
                    "cur":0,
                    "prev":0
                 },
                 "ad_sales":{
                    "number":0,
                    "percentage":0,
                    "cur":0,
                    "prev":0
                 },
                 "percent_total_sales":{
                    "number":0,
                    "percentage":0,
                    "cur":0,
                    "prev":0
                 },
                 "conversion_rate":{
                    "number":0,
                    "percentage":0,
                    "cur":0,
                    "prev":0
                 },
                 "acos":{
                    "number":0,
                    "percentage":0,
                    "cur":0,
                    "prev":0
                 },
                 "average_cpc":{
                    "number":0,
                    "percentage":0,
                    "cur":0,
                    "prev":0
                 },
                 "units_per_order":{
                    "number":-0.04938271604938271,
                    "percentage":-4.705882352941177,
                    "cur":1,
                    "prev":1.0493827160493827
                 }
              },
              "B07RBR1Y83":{
                 "sales":{
                    "number":213.51999999999992,
                    "percentage":49.99999999999998,
                    "cur":640.56,
                    "prev":427.04
                 },
                 "shipped_cogs":{
                    "number":111.35000000000002,
                    "percentage":50.000000000000014,
                    "cur":334.05,
                    "prev":222.7
                 },
                 "orders":{
                    "number":5,
                    "percentage":14.705882352941178,
                    "cur":39,
                    "prev":34
                 },
                 "units_sold":{
                    "number":17,
                    "percentage":50,
                    "cur":51,
                    "prev":34
                 },
                 "asp":{
                    "number":-1.7763568394002505e-15,
                    "percentage":-1.4142968466562503e-14,
                    "cur":12.559999999999999,
                    "prev":12.56
                 },
                 "ad_impressions":{
                    "number":0,
                    "percentage":0,
                    "cur":0,
                    "prev":0
                 },
                 "ad_clicks":{
                    "number":0,
                    "percentage":0,
                    "cur":0,
                    "prev":0
                 },
                 "ad_spend":{
                    "number":0,
                    "percentage":0,
                    "cur":0,
                    "prev":0
                 },
                 "ad_orders":{
                    "number":0,
                    "percentage":0,
                    "cur":0,
                    "prev":0
                 },
                 "ad_sales":{
                    "number":0,
                    "percentage":0,
                    "cur":0,
                    "prev":0
                 },
                 "percent_total_sales":{
                    "number":0,
                    "percentage":0,
                    "cur":0,
                    "prev":0
                 },
                 "conversion_rate":{
                    "number":0,
                    "percentage":0,
                    "cur":0,
                    "prev":0
                 },
                 "acos":{
                    "number":0,
                    "percentage":0,
                    "cur":0,
                    "prev":0
                 },
                 "average_cpc":{
                    "number":0,
                    "percentage":0,
                    "cur":0,
                    "prev":0
                 },
                 "units_per_order":{
                    "number":0.3076923076923077,
                    "percentage":30.76923076923077,
                    "cur":1.3076923076923077,
                    "prev":1
                 }
              },
              "B08LMCVM1S":{
                 "sales":{
                    "number":387.0000000000001,
                    "percentage":250.00000000000009,
                    "cur":541.8000000000001,
                    "prev":154.79999999999998
                 },
                 "shipped_cogs":{
                    "number":202,
                    "percentage":250,
                    "cur":282.8,
                    "prev":80.8
                 },
                 "orders":{
                    "number":20,
                    "percentage":250,
                    "cur":28,
                    "prev":8
                 },
                 "units_sold":{
                    "number":20,
                    "percentage":250,
                    "cur":28,
                    "prev":8
                 },
                 "asp":{
                    "number":3.552713678800501e-15,
                    "percentage":1.836027740982171e-14,
                    "cur":19.35,
                    "prev":19.349999999999998
                 },
                 "ad_impressions":{
                    "number":0,
                    "percentage":0,
                    "cur":0,
                    "prev":0
                 },
                 "ad_clicks":{
                    "number":0,
                    "percentage":0,
                    "cur":0,
                    "prev":0
                 },
                 "ad_spend":{
                    "number":0,
                    "percentage":0,
                    "cur":0,
                    "prev":0
                 },
                 "ad_orders":{
                    "number":0,
                    "percentage":0,
                    "cur":0,
                    "prev":0
                 },
                 "ad_sales":{
                    "number":0,
                    "percentage":0,
                    "cur":0,
                    "prev":0
                 },
                 "percent_total_sales":{
                    "number":0,
                    "percentage":0,
                    "cur":0,
                    "prev":0
                 },
                 "conversion_rate":{
                    "number":0,
                    "percentage":0,
                    "cur":0,
                    "prev":0
                 },
                 "acos":{
                    "number":0,
                    "percentage":0,
                    "cur":0,
                    "prev":0
                 },
                 "average_cpc":{
                    "number":0,
                    "percentage":0,
                    "cur":0,
                    "prev":0
                 },
                 "units_per_order":{
                    "number":0,
                    "percentage":0,
                    "cur":1,
                    "prev":1
                 }
              },
              "B07YM1ZT2T":{
                 "sales":{
                    "number":-425.70000000000005,
                    "percentage":-37.28813559322033,
                    "cur":715.9500000000003,
                    "prev":1141.6500000000003
                 },
                 "shipped_cogs":{
                    "number":-222.2,
                    "percentage":-37.28813559322034,
                    "cur":373.7,
                    "prev":595.9
                 },
                 "orders":{
                    "number":-22,
                    "percentage":-37.28813559322034,
                    "cur":37,
                    "prev":59
                 },
                 "units_sold":{
                    "number":-22,
                    "percentage":-37.28813559322034,
                    "cur":37,
                    "prev":59
                 },
                 "asp":{
                    "number":3.552713678800501e-15,
                    "percentage":1.8360277409821707e-14,
                    "cur":19.35000000000001,
                    "prev":19.350000000000005
                 },
                 "ad_impressions":{
                    "number":0,
                    "percentage":0,
                    "cur":0,
                    "prev":0
                 },
                 "ad_clicks":{
                    "number":0,
                    "percentage":0,
                    "cur":0,
                    "prev":0
                 },
                 "ad_spend":{
                    "number":0,
                    "percentage":0,
                    "cur":0,
                    "prev":0
                 },
                 "ad_orders":{
                    "number":0,
                    "percentage":0,
                    "cur":0,
                    "prev":0
                 },
                 "ad_sales":{
                    "number":0,
                    "percentage":0,
                    "cur":0,
                    "prev":0
                 },
                 "percent_total_sales":{
                    "number":0,
                    "percentage":0,
                    "cur":0,
                    "prev":0
                 },
                 "conversion_rate":{
                    "number":0,
                    "percentage":0,
                    "cur":0,
                    "prev":0
                 },
                 "acos":{
                    "number":0,
                    "percentage":0,
                    "cur":0,
                    "prev":0
                 },
                 "average_cpc":{
                    "number":0,
                    "percentage":0,
                    "cur":0,
                    "prev":0
                 },
                 "units_per_order":{
                    "number":0,
                    "percentage":0,
                    "cur":1,
                    "prev":1
                 }
              },
              "B07YM3SFH6":{
                 "sales":{
                    "number":213.51999999999947,
                    "percentage":44.736842105263044,
                    "cur":690.7999999999995,
                    "prev":477.28000000000003
                 },
                 "shipped_cogs":{
                    "number":111.35,
                    "percentage":44.73684210526315,
                    "cur":360.25,
                    "prev":248.9
                 },
                 "orders":{
                    "number":17,
                    "percentage":44.73684210526316,
                    "cur":55,
                    "prev":38
                 },
                 "units_sold":{
                    "number":17,
                    "percentage":44.73684210526316,
                    "cur":55,
                    "prev":38
                 },
                 "asp":{
                    "number":-8.881784197001252e-15,
                    "percentage":-7.071484233281251e-14,
                    "cur":12.559999999999992,
                    "prev":12.56
                 },
                 "ad_impressions":{
                    "number":0,
                    "percentage":0,
                    "cur":0,
                    "prev":0
                 },
                 "ad_clicks":{
                    "number":0,
                    "percentage":0,
                    "cur":0,
                    "prev":0
                 },
                 "ad_spend":{
                    "number":0,
                    "percentage":0,
                    "cur":0,
                    "prev":0
                 },
                 "ad_orders":{
                    "number":0,
                    "percentage":0,
                    "cur":0,
                    "prev":0
                 },
                 "ad_sales":{
                    "number":0,
                    "percentage":0,
                    "cur":0,
                    "prev":0
                 },
                 "percent_total_sales":{
                    "number":0,
                    "percentage":0,
                    "cur":0,
                    "prev":0
                 },
                 "conversion_rate":{
                    "number":0,
                    "percentage":0,
                    "cur":0,
                    "prev":0
                 },
                 "acos":{
                    "number":0,
                    "percentage":0,
                    "cur":0,
                    "prev":0
                 },
                 "average_cpc":{
                    "number":0,
                    "percentage":0,
                    "cur":0,
                    "prev":0
                 },
                 "units_per_order":{
                    "number":0,
                    "percentage":0,
                    "cur":1,
                    "prev":1
                 }
              },
              "B07YM3WK54":{
                 "sales":{
                    "number":-2.842170943040401e-14,
                    "percentage":-1.4868021254657882e-14,
                    "cur":191.16,
                    "prev":191.16000000000003
                 },
                 "shipped_cogs":{
                    "number":0,
                    "percentage":0,
                    "cur":99.89999999999999,
                    "prev":99.89999999999999
                 },
                 "orders":{
                    "number":-9,
                    "percentage":-50,
                    "cur":9,
                    "prev":18
                 },
                 "units_sold":{
                    "number":0,
                    "percentage":0,
                    "cur":18,
                    "prev":18
                 },
                 "asp":{
                    "number":-1.7763568394002505e-15,
                    "percentage":-1.6726523911490118e-14,
                    "cur":10.62,
                    "prev":10.620000000000001
                 },
                 "ad_impressions":{
                    "number":0,
                    "percentage":0,
                    "cur":0,
                    "prev":0
                 },
                 "ad_clicks":{
                    "number":0,
                    "percentage":0,
                    "cur":0,
                    "prev":0
                 },
                 "ad_spend":{
                    "number":0,
                    "percentage":0,
                    "cur":0,
                    "prev":0
                 },
                 "ad_orders":{
                    "number":0,
                    "percentage":0,
                    "cur":0,
                    "prev":0
                 },
                 "ad_sales":{
                    "number":0,
                    "percentage":0,
                    "cur":0,
                    "prev":0
                 },
                 "percent_total_sales":{
                    "number":0,
                    "percentage":0,
                    "cur":0,
                    "prev":0
                 },
                 "conversion_rate":{
                    "number":0,
                    "percentage":0,
                    "cur":0,
                    "prev":0
                 },
                 "acos":{
                    "number":0,
                    "percentage":0,
                    "cur":0,
                    "prev":0
                 },
                 "average_cpc":{
                    "number":0,
                    "percentage":0,
                    "cur":0,
                    "prev":0
                 },
                 "units_per_order":{
                    "number":1,
                    "percentage":100,
                    "cur":2,
                    "prev":1
                 }
              },
              "B08LP2ZLKL":{
                 "sales":{
                    "number":-4491.779999999999,
                    "percentage":-96.62921348314607,
                    "cur":156.69,
                    "prev":4648.469999999998
                 },
                 "shipped_cogs":{
                    "number":-2334.9000000000005,
                    "percentage":-96.62921348314607,
                    "cur":81.45,
                    "prev":2416.3500000000004
                 },
                 "orders":{
                    "number":-237,
                    "percentage":-96.34146341463415,
                    "cur":9,
                    "prev":246
                 },
                 "units_sold":{
                    "number":-258,
                    "percentage":-96.62921348314607,
                    "cur":9,
                    "prev":267
                 },
                 "asp":{
                    "number":7.105427357601002e-15,
                    "percentage":4.081233404710514e-14,
                    "cur":17.41,
                    "prev":17.409999999999993
                 },
                 "ad_impressions":{
                    "number":0,
                    "percentage":0,
                    "cur":0,
                    "prev":0
                 },
                 "ad_clicks":{
                    "number":0,
                    "percentage":0,
                    "cur":0,
                    "prev":0
                 },
                 "ad_spend":{
                    "number":0,
                    "percentage":0,
                    "cur":0,
                    "prev":0
                 },
                 "ad_orders":{
                    "number":0,
                    "percentage":0,
                    "cur":0,
                    "prev":0
                 },
                 "ad_sales":{
                    "number":0,
                    "percentage":0,
                    "cur":0,
                    "prev":0
                 },
                 "percent_total_sales":{
                    "number":0,
                    "percentage":0,
                    "cur":0,
                    "prev":0
                 },
                 "conversion_rate":{
                    "number":0,
                    "percentage":0,
                    "cur":0,
                    "prev":0
                 },
                 "acos":{
                    "number":0,
                    "percentage":0,
                    "cur":0,
                    "prev":0
                 },
                 "average_cpc":{
                    "number":0,
                    "percentage":0,
                    "cur":0,
                    "prev":0
                 },
                 "units_per_order":{
                    "number":-0.08536585365853666,
                    "percentage":-7.8651685393258495,
                    "cur":1,
                    "prev":1.0853658536585367
                 }
              },
              "B07C55LYKR":{
                 "sales":{
                    "number":-13510.160000000002,
                    "percentage":-97.979797979798,
                    "cur":278.56,
                    "prev":13788.720000000001
                 },
                 "shipped_cogs":{
                    "number":-7022.8,
                    "percentage":-97.97979797979798,
                    "cur":144.8,
                    "prev":7167.6
                 },
                 "orders":{
                    "number":-646,
                    "percentage":-97.58308157099698,
                    "cur":16,
                    "prev":662
                 },
                 "units_sold":{
                    "number":-776,
                    "percentage":-97.97979797979798,
                    "cur":16,
                    "prev":792
                 },
                 "asp":{
                    "number":0,
                    "percentage":0,
                    "cur":17.41,
                    "prev":17.41
                 },
                 "ad_impressions":{
                    "number":0,
                    "percentage":0,
                    "cur":0,
                    "prev":0
                 },
                 "ad_clicks":{
                    "number":0,
                    "percentage":0,
                    "cur":0,
                    "prev":0
                 },
                 "ad_spend":{
                    "number":0,
                    "percentage":0,
                    "cur":0,
                    "prev":0
                 },
                 "ad_orders":{
                    "number":0,
                    "percentage":0,
                    "cur":0,
                    "prev":0
                 },
                 "ad_sales":{
                    "number":0,
                    "percentage":0,
                    "cur":0,
                    "prev":0
                 },
                 "percent_total_sales":{
                    "number":0,
                    "percentage":0,
                    "cur":0,
                    "prev":0
                 },
                 "conversion_rate":{
                    "number":0,
                    "percentage":0,
                    "cur":0,
                    "prev":0
                 },
                 "acos":{
                    "number":0,
                    "percentage":0,
                    "cur":0,
                    "prev":0
                 },
                 "average_cpc":{
                    "number":0,
                    "percentage":0,
                    "cur":0,
                    "prev":0
                 },
                 "units_per_order":{
                    "number":-0.1963746223564955,
                    "percentage":-16.41414141414142,
                    "cur":1,
                    "prev":1.1963746223564955
                 }
              },
              "B08LP4SRJX":{
                 "sales":{
                    "number":-626.7600000000001,
                    "percentage":-81.81818181818183,
                    "cur":139.28,
                    "prev":766.0400000000001
                 },
                 "shipped_cogs":{
                    "number":-325.80000000000007,
                    "percentage":-81.81818181818183,
                    "cur":72.4,
                    "prev":398.20000000000005
                 },
                 "orders":{
                    "number":-30,
                    "percentage":-78.94736842105263,
                    "cur":8,
                    "prev":38
                 },
                 "units_sold":{
                    "number":-36,
                    "percentage":-81.81818181818183,
                    "cur":8,
                    "prev":44
                 },
                 "asp":{
                    "number":0,
                    "percentage":0,
                    "cur":17.41,
                    "prev":17.41
                 },
                 "ad_impressions":{
                    "number":0,
                    "percentage":0,
                    "cur":0,
                    "prev":0
                 },
                 "ad_clicks":{
                    "number":0,
                    "percentage":0,
                    "cur":0,
                    "prev":0
                 },
                 "ad_spend":{
                    "number":0,
                    "percentage":0,
                    "cur":0,
                    "prev":0
                 },
                 "ad_orders":{
                    "number":0,
                    "percentage":0,
                    "cur":0,
                    "prev":0
                 },
                 "ad_sales":{
                    "number":0,
                    "percentage":0,
                    "cur":0,
                    "prev":0
                 },
                 "percent_total_sales":{
                    "number":0,
                    "percentage":0,
                    "cur":0,
                    "prev":0
                 },
                 "conversion_rate":{
                    "number":0,
                    "percentage":0,
                    "cur":0,
                    "prev":0
                 },
                 "acos":{
                    "number":0,
                    "percentage":0,
                    "cur":0,
                    "prev":0
                 },
                 "average_cpc":{
                    "number":0,
                    "percentage":0,
                    "cur":0,
                    "prev":0
                 },
                 "units_per_order":{
                    "number":-0.1578947368421053,
                    "percentage":-13.63636363636364,
                    "cur":1,
                    "prev":1.1578947368421053
                 }
              },
              "B075Z97QXV":{
                 "sales":{
                    "number":-84.96000000000002,
                    "percentage":-42.10526315789474,
                    "cur":116.82000000000001,
                    "prev":201.78000000000003
                 },
                 "shipped_cogs":{
                    "number":-44.400000000000006,
                    "percentage":-42.10526315789474,
                    "cur":61.05,
                    "prev":105.45
                 },
                 "orders":{
                    "number":-8,
                    "percentage":-42.10526315789473,
                    "cur":11,
                    "prev":19
                 },
                 "units_sold":{
                    "number":-8,
                    "percentage":-42.10526315789473,
                    "cur":11,
                    "prev":19
                 },
                 "asp":{
                    "number":0,
                    "percentage":0,
                    "cur":10.620000000000001,
                    "prev":10.620000000000001
                 },
                 "ad_impressions":{
                    "number":0,
                    "percentage":0,
                    "cur":0,
                    "prev":0
                 },
                 "ad_clicks":{
                    "number":0,
                    "percentage":0,
                    "cur":0,
                    "prev":0
                 },
                 "ad_spend":{
                    "number":0,
                    "percentage":0,
                    "cur":0,
                    "prev":0
                 },
                 "ad_orders":{
                    "number":0,
                    "percentage":0,
                    "cur":0,
                    "prev":0
                 },
                 "ad_sales":{
                    "number":0,
                    "percentage":0,
                    "cur":0,
                    "prev":0
                 },
                 "percent_total_sales":{
                    "number":0,
                    "percentage":0,
                    "cur":0,
                    "prev":0
                 },
                 "conversion_rate":{
                    "number":0,
                    "percentage":0,
                    "cur":0,
                    "prev":0
                 },
                 "acos":{
                    "number":0,
                    "percentage":0,
                    "cur":0,
                    "prev":0
                 },
                 "average_cpc":{
                    "number":0,
                    "percentage":0,
                    "cur":0,
                    "prev":0
                 },
                 "units_per_order":{
                    "number":0,
                    "percentage":0,
                    "cur":1,
                    "prev":1
                 }
              },
              "B08LP499SR":{
                 "sales":{
                    "number":-2.8421709430404007e-13,
                    "percentage":-6.811837175343687e-14,
                    "cur":417.2399999999998,
                    "prev":417.24000000000007
                 },
                 "shipped_cogs":{
                    "number":0,
                    "percentage":0,
                    "cur":217.79999999999998,
                    "prev":217.79999999999998
                 },
                 "orders":{
                    "number":-6,
                    "percentage":-16.666666666666664,
                    "cur":30,
                    "prev":36
                 },
                 "units_sold":{
                    "number":0,
                    "percentage":0,
                    "cur":36,
                    "prev":36
                 },
                 "asp":{
                    "number":-7.105427357601002e-15,
                    "percentage":-6.13065345780932e-14,
                    "cur":11.589999999999995,
                    "prev":11.590000000000002
                 },
                 "ad_impressions":{
                    "number":0,
                    "percentage":0,
                    "cur":0,
                    "prev":0
                 },
                 "ad_clicks":{
                    "number":0,
                    "percentage":0,
                    "cur":0,
                    "prev":0
                 },
                 "ad_spend":{
                    "number":0,
                    "percentage":0,
                    "cur":0,
                    "prev":0
                 },
                 "ad_orders":{
                    "number":0,
                    "percentage":0,
                    "cur":0,
                    "prev":0
                 },
                 "ad_sales":{
                    "number":0,
                    "percentage":0,
                    "cur":0,
                    "prev":0
                 },
                 "percent_total_sales":{
                    "number":0,
                    "percentage":0,
                    "cur":0,
                    "prev":0
                 },
                 "conversion_rate":{
                    "number":0,
                    "percentage":0,
                    "cur":0,
                    "prev":0
                 },
                 "acos":{
                    "number":0,
                    "percentage":0,
                    "cur":0,
                    "prev":0
                 },
                 "average_cpc":{
                    "number":0,
                    "percentage":0,
                    "cur":0,
                    "prev":0
                 },
                 "units_per_order":{
                    "number":0.19999999999999996,
                    "percentage":19.999999999999996,
                    "cur":1.2,
                    "prev":1
                 }
              },
              "B07F6SCXCV":{
                 "sales":{
                    "number":881.4600000000002,
                    "percentage":1185.714285714286,
                    "cur":955.8000000000002,
                    "prev":74.34
                 },
                 "shipped_cogs":{
                    "number":419.15,
                    "percentage":1185.7142857142856,
                    "cur":454.5,
                    "prev":35.35
                 },
                 "orders":{
                    "number":75,
                    "percentage":1500,
                    "cur":80,
                    "prev":5
                 },
                 "units_sold":{
                    "number":83,
                    "percentage":1185.7142857142858,
                    "cur":90,
                    "prev":7
                 },
                 "asp":{
                    "number":1.7763568394002505e-15,
                    "percentage":1.6726523911490118e-14,
                    "cur":10.620000000000003,
                    "prev":10.620000000000001
                 },
                 "ad_impressions":{
                    "number":0,
                    "percentage":0,
                    "cur":0,
                    "prev":0
                 },
                 "ad_clicks":{
                    "number":0,
                    "percentage":0,
                    "cur":0,
                    "prev":0
                 },
                 "ad_spend":{
                    "number":0,
                    "percentage":0,
                    "cur":0,
                    "prev":0
                 },
                 "ad_orders":{
                    "number":0,
                    "percentage":0,
                    "cur":0,
                    "prev":0
                 },
                 "ad_sales":{
                    "number":0,
                    "percentage":0,
                    "cur":0,
                    "prev":0
                 },
                 "percent_total_sales":{
                    "number":0,
                    "percentage":0,
                    "cur":0,
                    "prev":0
                 },
                 "conversion_rate":{
                    "number":0,
                    "percentage":0,
                    "cur":0,
                    "prev":0
                 },
                 "acos":{
                    "number":0,
                    "percentage":0,
                    "cur":0,
                    "prev":0
                 },
                 "average_cpc":{
                    "number":0,
                    "percentage":0,
                    "cur":0,
                    "prev":0
                 },
                 "units_per_order":{
                    "number":-0.2749999999999999,
                    "percentage":-19.642857142857135,
                    "cur":1.125,
                    "prev":1.4
                 }
              },
              "B07RHQNQK9":{
                 "sales":{
                    "number":-12308.870000000004,
                    "percentage":-99.43741209563994,
                    "cur":69.64,
                    "prev":12378.510000000004
                 },
                 "shipped_cogs":{
                    "number":-6398.35,
                    "percentage":-99.43741209563994,
                    "cur":36.2,
                    "prev":6434.55
                 },
                 "orders":{
                    "number":-616,
                    "percentage":-99.35483870967742,
                    "cur":4,
                    "prev":620
                 },
                 "units_sold":{
                    "number":-707,
                    "percentage":-99.43741209563994,
                    "cur":4,
                    "prev":711
                 },
                 "asp":{
                    "number":-3.552713678800501e-15,
                    "percentage":-2.0406167023552557e-14,
                    "cur":17.41,
                    "prev":17.410000000000004
                 },
                 "ad_impressions":{
                    "number":0,
                    "percentage":0,
                    "cur":0,
                    "prev":0
                 },
                 "ad_clicks":{
                    "number":0,
                    "percentage":0,
                    "cur":0,
                    "prev":0
                 },
                 "ad_spend":{
                    "number":0,
                    "percentage":0,
                    "cur":0,
                    "prev":0
                 },
                 "ad_orders":{
                    "number":0,
                    "percentage":0,
                    "cur":0,
                    "prev":0
                 },
                 "ad_sales":{
                    "number":0,
                    "percentage":0,
                    "cur":0,
                    "prev":0
                 },
                 "percent_total_sales":{
                    "number":0,
                    "percentage":0,
                    "cur":0,
                    "prev":0
                 },
                 "conversion_rate":{
                    "number":0,
                    "percentage":0,
                    "cur":0,
                    "prev":0
                 },
                 "acos":{
                    "number":0,
                    "percentage":0,
                    "cur":0,
                    "prev":0
                 },
                 "average_cpc":{
                    "number":0,
                    "percentage":0,
                    "cur":0,
                    "prev":0
                 },
                 "units_per_order":{
                    "number":-0.14677419354838706,
                    "percentage":-12.798874824191278,
                    "cur":1,
                    "prev":1.146774193548387
                 }
              },
              "B07CQNMXN1":{
                 "sales":{
                    "number":17.409999999999997,
                    "percentage":33.33333333333333,
                    "cur":69.64,
                    "prev":52.230000000000004
                 },
                 "shipped_cogs":{
                    "number":9.05,
                    "percentage":33.33333333333333,
                    "cur":36.2,
                    "prev":27.150000000000002
                 },
                 "orders":{
                    "number":1,
                    "percentage":33.33333333333333,
                    "cur":4,
                    "prev":3
                 },
                 "units_sold":{
                    "number":1,
                    "percentage":33.33333333333333,
                    "cur":4,
                    "prev":3
                 },
                 "asp":{
                    "number":0,
                    "percentage":0,
                    "cur":17.41,
                    "prev":17.41
                 },
                 "ad_impressions":{
                    "number":0,
                    "percentage":0,
                    "cur":0,
                    "prev":0
                 },
                 "ad_clicks":{
                    "number":0,
                    "percentage":0,
                    "cur":0,
                    "prev":0
                 },
                 "ad_spend":{
                    "number":0,
                    "percentage":0,
                    "cur":0,
                    "prev":0
                 },
                 "ad_orders":{
                    "number":0,
                    "percentage":0,
                    "cur":0,
                    "prev":0
                 },
                 "ad_sales":{
                    "number":0,
                    "percentage":0,
                    "cur":0,
                    "prev":0
                 },
                 "percent_total_sales":{
                    "number":0,
                    "percentage":0,
                    "cur":0,
                    "prev":0
                 },
                 "conversion_rate":{
                    "number":0,
                    "percentage":0,
                    "cur":0,
                    "prev":0
                 },
                 "acos":{
                    "number":0,
                    "percentage":0,
                    "cur":0,
                    "prev":0
                 },
                 "average_cpc":{
                    "number":0,
                    "percentage":0,
                    "cur":0,
                    "prev":0
                 },
                 "units_per_order":{
                    "number":0,
                    "percentage":0,
                    "cur":1,
                    "prev":1
                 }
              },
              "B08LP192CF":{
                 "sales":{
                    "number":-301.3399999999999,
                    "percentage":-61.9047619047619,
                    "cur":185.44000000000003,
                    "prev":486.78
                 },
                 "shipped_cogs":{
                    "number":-157.3,
                    "percentage":-61.904761904761905,
                    "cur":96.8,
                    "prev":254.1
                 },
                 "orders":{
                    "number":-23,
                    "percentage":-58.97435897435898,
                    "cur":16,
                    "prev":39
                 },
                 "units_sold":{
                    "number":-26,
                    "percentage":-61.904761904761905,
                    "cur":16,
                    "prev":42
                 },
                 "asp":{
                    "number":1.7763568394002505e-15,
                    "percentage":1.53266336445233e-14,
                    "cur":11.590000000000002,
                    "prev":11.59
                 },
                 "ad_impressions":{
                    "number":0,
                    "percentage":0,
                    "cur":0,
                    "prev":0
                 },
                 "ad_clicks":{
                    "number":0,
                    "percentage":0,
                    "cur":0,
                    "prev":0
                 },
                 "ad_spend":{
                    "number":0,
                    "percentage":0,
                    "cur":0,
                    "prev":0
                 },
                 "ad_orders":{
                    "number":0,
                    "percentage":0,
                    "cur":0,
                    "prev":0
                 },
                 "ad_sales":{
                    "number":0,
                    "percentage":0,
                    "cur":0,
                    "prev":0
                 },
                 "percent_total_sales":{
                    "number":0,
                    "percentage":0,
                    "cur":0,
                    "prev":0
                 },
                 "conversion_rate":{
                    "number":0,
                    "percentage":0,
                    "cur":0,
                    "prev":0
                 },
                 "acos":{
                    "number":0,
                    "percentage":0,
                    "cur":0,
                    "prev":0
                 },
                 "average_cpc":{
                    "number":0,
                    "percentage":0,
                    "cur":0,
                    "prev":0
                 },
                 "units_per_order":{
                    "number":-0.07692307692307687,
                    "percentage":-7.142857142857138,
                    "cur":1,
                    "prev":1.0769230769230769
                 }
              },
              "B07YM49H5W":{
                 "sales":{
                    "number":-9.650000000000006,
                    "percentage":-12.500000000000005,
                    "cur":67.55,
                    "prev":77.2
                 },
                 "shipped_cogs":{
                    "number":-5.049999999999997,
                    "percentage":-12.499999999999993,
                    "cur":35.35,
                    "prev":40.4
                 },
                 "orders":{
                    "number":-1,
                    "percentage":-12.5,
                    "cur":7,
                    "prev":8
                 },
                 "units_sold":{
                    "number":-1,
                    "percentage":-12.5,
                    "cur":7,
                    "prev":8
                 },
                 "asp":{
                    "number":0,
                    "percentage":0,
                    "cur":9.65,
                    "prev":9.65
                 },
                 "ad_impressions":{
                    "number":0,
                    "percentage":0,
                    "cur":0,
                    "prev":0
                 },
                 "ad_clicks":{
                    "number":0,
                    "percentage":0,
                    "cur":0,
                    "prev":0
                 },
                 "ad_spend":{
                    "number":0,
                    "percentage":0,
                    "cur":0,
                    "prev":0
                 },
                 "ad_orders":{
                    "number":0,
                    "percentage":0,
                    "cur":0,
                    "prev":0
                 },
                 "ad_sales":{
                    "number":0,
                    "percentage":0,
                    "cur":0,
                    "prev":0
                 },
                 "percent_total_sales":{
                    "number":0,
                    "percentage":0,
                    "cur":0,
                    "prev":0
                 },
                 "conversion_rate":{
                    "number":0,
                    "percentage":0,
                    "cur":0,
                    "prev":0
                 },
                 "acos":{
                    "number":0,
                    "percentage":0,
                    "cur":0,
                    "prev":0
                 },
                 "average_cpc":{
                    "number":0,
                    "percentage":0,
                    "cur":0,
                    "prev":0
                 },
                 "units_per_order":{
                    "number":0,
                    "percentage":0,
                    "cur":1,
                    "prev":1
                 }
              }
           },
           "summary":{
              "sales":{
                 "number":-847.239999999947,
                 "percentage":-0.8583517931380152,
                 "cur":97858.21000000005,
                 "prev":98705.45
              },
              "shipped_cogs":{
                 "number":6764.4000000000015,
                 "percentage":12.9750507826961,
                 "cur":58898.3,
                 "prev":52133.9
              },
              "orders":{
                 "number":575,
                 "percentage":10.759730538922156,
                 "cur":5919,
                 "prev":5344
              },
              "units_sold":{
                 "number":713,
                 "percentage":11.997307757025071,
                 "cur":6656,
                 "prev":5943
              },
              "asp":{
                 "number":-1.906435788680355,
                 "percentage":-11.478543375393507,
                 "cur":14.702255108173084,
                 "prev":16.60869089685344
              },
              "ad_impressions":{
                 "number":2268,
                 "percentage":1260,
                 "cur":2448,
                 "prev":180
              },
              "ad_clicks":{
                 "number":3,
                 "percentage":300,
                 "cur":4,
                 "prev":1
              },
              "ad_spend":{
                 "number":3.6899999999999995,
                 "percentage":723.5294117647059,
                 "cur":4.199999999999999,
                 "prev":0.51
              },
              "ad_orders":{
                 "number":-2,
                 "percentage":0,
                 "cur":0,
                 "prev":2
              },
              "ad_sales":{
                 "number":-22.55,
                 "percentage":0,
                 "cur":0,
                 "prev":22.55
              },
              "percent_total_sales":{
                 "number":-0.022845749652121543,
                 "percentage":0,
                 "cur":0,
                 "prev":0.022845749652121543
              },
              "conversion_rate":{
                 "number":-200,
                 "percentage":0,
                 "cur":0,
                 "prev":200
              },
              "acos":{
                 "number":9997.728359201774,
                 "percentage":442056.4205882353,
                 "cur":9999.99,
                 "prev":2.261640798226164
              },
              "average_cpc":{
                 "number":0.5399999999999998,
                 "percentage":105.88235294117642,
                 "cur":1.0499999999999998,
                 "prev":0.51
              },
              "units_per_order":{
                 "number":0.012425952706851762,
                 "percentage":1.1173530416526303,
                 "cur":1.1245142760601452,
                 "prev":1.1120883233532934
              }
           }
        }
     ],
     "totals":{
        "sales":{
           "number":101357.16000000005,
           "percentage":9999.99,
           "cur":101357.16000000005,
           "prev":0
        },
        "shipped_cogs":{
           "number":60746.4,
           "percentage":9999.99,
           "cur":60746.4,
           "prev":0
        },
        "orders":{
           "number":6161,
           "percentage":9999.99,
           "cur":6161,
           "prev":0
        },
        "units_sold":{
           "number":6925,
           "percentage":9999.99,
           "cur":6925,
           "prev":0
        },
        "asp":{
           "number":14.636412996389899,
           "percentage":9999.99,
           "cur":14.636412996389899,
           "prev":0
        },
        "ad_impressions":{
           "number":2516,
           "percentage":27955.555555555555,
           "cur":2525,
           "prev":9
        },
        "ad_clicks":{
           "number":5,
           "percentage":9999.99,
           "cur":5,
           "prev":0
        },
        "ad_spend":{
           "number":4.869999999999999,
           "percentage":9999.99,
           "cur":4.869999999999999,
           "prev":0
        },
        "ad_orders":{
           "number":0,
           "percentage":0,
           "cur":0,
           "prev":0
        },
        "ad_sales":{
           "number":0,
           "percentage":0,
           "cur":0,
           "prev":0
        },
        "percent_total_sales":{
           "number":0,
           "percentage":0,
           "cur":0,
           "prev":0
        },
        "conversion_rate":{
           "number":0,
           "percentage":0,
           "cur":0,
           "prev":0
        },
        "acos":{
           "number":null,
           "percentage":9999.99,
           "cur":null,
           "prev":0
        },
        "average_cpc":{
           "number":0.9739999999999999,
           "percentage":9999.99,
           "cur":0.9739999999999999,
           "prev":0
        },
        "units_per_order":{
           "number":1.1240058432072715,
           "percentage":9999.99,
           "cur":1.1240058432072715,
           "prev":0
        }
     }
  },
  "totals":{
     "periods":{
        "sales":101357.16000000005,
        "shipped_cogs":60746.4,
        "orders":6161,
        "units_sold":6925,
        "ad_impressions":2525,
        "ad_clicks":5,
        "ad_orders":0,
        "ad_spend":4.869999999999999,
        "ad_sales":0,
        "conversion_rate":0,
        "acos":null,
        "units_per_order":1.1240058432072715,
        "asp":14.636412996389899,
        "average_cpc":0.9739999999999999,
        "percent_total_sales":0
     },
     "yoy":{
        "sales":0,
        "shipped_cogs":0,
        "orders":0,
        "units_sold":0,
        "ad_impressions":9,
        "ad_clicks":0,
        "ad_orders":0,
        "ad_spend":0,
        "ad_sales":0,
        "conversion_rate":0,
        "acos":0,
        "units_per_order":0,
        "asp":0,
        "average_cpc":0,
        "percent_total_sales":0
     }
  }
}